2023 3132
163 114 310 162 XXX
338 111 419 177 76]
497 111 771 161 ORATIO
816 108 1256 157 PHILIPPICA
1309 109 1679 156 SECUNDA.
1770 122 1828 170 27

163 223 358 280 Caesar,
384 218 552 282 paucis
578 218 665 266 tibi
691 218 754 266 ad
779 218 1071 265 solvendum
1094 225 1294 278 propter
1321 215 1542 277 inopiam
1568 224 1702 263 tuam
1726 232 1835 278 pro-

160 300 342 363 rogatis
388 301 575 348 diebus.
650 300 728 347 Ne
777 307 881 346 tum
929 296 1131 360 quidem
1181 295 1408 359 sequeris.
1504 299 1631 344 Tam
1676 298 1837 345 bonus

161 380 401 443 gladiator
434 381 606 428 rudem
643 388 744 427 tam
779 378 914 427 cito?
986 380 1140 425 Hunc
1175 377 1317 440 igitur
1353 375 1627 439 quisquam,
1670 376 1753 438 qui
1788 377 1839 424 in

163 460 261 508 suis
306 460 537 523 partibus,
583 459 635 507 id
678 467 751 507 est
791 460 842 506 in
880 459 977 506 suis
1026 456 1244 517 fortunis,
1289 466 1390 505 tam
1437 455 1638 504 timidus
1682 457 1837 516 fuerit,

120 566 138 598 5
161 542 507 603 pertimescat?

265 623 426 668 XXX.
501 621 753 668 Profectus
789 630 863 668 est
899 619 1163 682 aliquando
1196 619 1398 668 tandem
1430 618 1482 666 in
1508 616 1834 679 Hispaniam:
1859 618 1918 665 75

165 702 251 749 sed
276 710 396 758 tuto,
424 709 476 748 ut
501 701 581 758 ait,
610 700 860 762 pervenire
885 716 986 747 non
1012 699 1184 762 potuit.
1259 701 1492 761 Quonam
1527 698 1679 746 modo
1704 697 1846 760 igitur

165 783 427 831 Dolabella
461 781 718 844 pervenit?
785 784 886 829 Aut
922 797 1023 829 non
1060 780 1372 843 suscipienda
1407 779 1497 827 fuit
1532 779 1624 827 ista
1656 794 1842 837 caussa,

164 863 365 923 Antoni,
383 872 479 923 aut,
498 879 610 910 cum
628 861 941 923 suscepisseS‚
960 862 1273 910 defendenda
1292 875 1447 921 usque
1468 861 1532 908 ad
1557 868 1841 908 extremum.

103 970 142 992 ιο
165 946 263 991 Ter
297 941 598 1005 depugnavit
634 943 816 991 Caesar
858 957 971 988 curn
1013 940 1214 1000 civibus,
1256 939 1308 988 in
1350 938 1622 999 Thessalia,
1665 939 1842 997 Africa,

169 1023 424 1085 Hispania
503 1022 747 1072 Omnibus
783 1021 940 1070 adfuit
975 1021 1049 1069 his
1091 1020 1267 1084 pugnis
1311 1021 1603 1068 Dolabella:
1643 1019 1694 1067 in
1733 1018 1848 1066 His·

168 1103 393 1168 paniensi
429 1104 577 1152 etiam
604 1104 780 1151 volnus
817 1102 1020 1165 accepit.
1095 1103 1144 1151 Si
1177 1103 1240 1150 de
1272 1117 1384 1150 meo
1420 1101 1604 1149 iudicio
1639 1100 1845 1162 quaeris,

167 1188 365 1234 nollem.
437 1186 535 1234 Sed
577 1195 745 1233 tamen
786 1184 1046 1232 consilium
1087 1199 1117 1231 a
1162 1184 1323 1246 primo
1369 1182 1846 1246 reprehendendum,
1930 1171 1935 1176 ⁸
1969 1230 1978 1239 ,

167 1268 416 1316 laudanda
439 1266 727 1315 constantia.
800 1268 881 1313 Tu
908 1282 1024 1314 vero
1050 1264 1171 1326 quid
1196 1265 1284 1312 es?
1354 1265 1445 1314 Cn.
1476 1263 1685 1326 Pompei
1709 1262 1849 1311 liberi

105 1374 145 1405 ις
168 1358 273 1397 tum
297 1347 508 1411 primum
533 1346 740 1410 patriam
764 1348 1067 1409 repetebant.
1142 1347 1263 1394 Esto
1283 1364 1293 1394 t
1330 1343 1471 1393 fuerit
1494 1346 1616 1393 haec
1638 1344 1847 1407 partium

169 1447 340 1479 caussa
365 1429 651 1479 communis.
727 1430 1044 1492 Repetebant
1075 1437 1330 1491 praeterea
1355 1429 1476 1476 deos
1502 1425 1698 1490 patrios,
1726 1443 1845 1484 ἃτᾶς,

169 1514 321 1570 focos,
347 1512 496 1559 larem
523 1526 665 1558 suum
691 1508 980 1557 familiarem
995 1526 1009 1569 3
1046 1507 1098 1555 in
1127 1523 1254 1570 quae
1284 1516 1338 1554 tu
1371 1505 1630 1554 invaseras.
1705 1506 1850 1552 Haec

171 1610 284 1641 cum
308 1602 531 1656 peterent
555 1591 700 1640 armis
726 1591 786 1650 ei,
814 1606 1024 1653 quorum
1058 1598 1195 1638 erant
1231 1587 1583 1651 legibus—etsi
1618 1587 1670 1634 in
1705 1587 1850 1634 rebus

171 1673 486 1737 iniquissimis
532 1672 652 1736 quid
699 1682 864 1735 potest
911 1688 1020 1721 esse
1067 1669 1484 1732 aequi?-—tamen
1542 1684 1691 1730 quem
1749 1674 1852 1714 erat

107 1781 148 1803 ιο
171 1754 520 1817 aequissimum
556 1764 728 1802 contra
764 1755 853 1802 Cn.
897 1751 1106 1815 Pompei
1141 1752 1322 1800 liberos
1358 1750 1614 1812 pugnare?
1670 1747 1853 1809 quem?

173 1837 262 1895 Te,
289 1844 544 1883 sectorem.
616 1837 692 1882 An
721 1850 834 1882 cum
860 1842 913 1881 tu
947 1835 1184 1881 Narbone
1216 1847 1410 1879 mensas
1445 1828 1696 1891 hospitum
1731 1842 1847 1875 con·
1867 1825 1928 1872 '76

173 1933 410 1976 vomeres,
439 1915 700 1964 Dolabella
722 1931 812 1977 pro
837 1923 886 1962 te
910 1914 961 1961 in
989 1913 1234 1976 Hispania
1257 1911 1547 1960 dimicaret?

276 1996 374 2059 Qui
396 2012 512 2045 vero
538 1997 772 2045 Narbone
795 1995 1014 2044 reditus?
1073 1994 1237 2042 Etiam
1262 1995 1541 2055 quaerebat,
1569 2007 1655 2039 cur
1679 2006 1769 2053 ego
1795 2004 1855 2037 ex

174 2079 284 2141 ipso
319 2095 463 2127 cursu
498 2087 598 2126 tam
635 2077 798 2126 subito
834 2075 1150 2125 revertissem.
1223 2072 1444 2136 Exposui
1484 2088 1653 2134 nuper,
1691 2080 1854 2133 patres

111 2184 151 2214 25
175 2157 452 2221 conscripti,
495 2173 718 2205 caussam
759 2156 944 2205 reditus
987 2154 1098 2203 mei.
1170 2153 1335 2212 Volui,
1375 2152 1415 2201 si
1456 2168 1670 2215 possem,
1709 2149 1855 2198 etiam

177 2249 291 2287 ante
318 2239 574 2287 Kalendas
600 2236 850 2285 Ianuarias
876 2236 1111 2298 prodesse
1135 2234 1204 2283 rei
1235 2233 1477 2296 publicae.
1551 2234 1684 2280 Nam
1720 2228 1856 2292 quod

177 2320 461 2383 quaerebas,
491 2334 590 2381 quo
614 2319 766 2367 modo
791 2319 1057 2366 redissem:
1094 2315 1308 2378 primum
1341 2315 1465 2372 luce,
1492 2327 1596 2360 non
1620 2309 1832 2359 tenebris
1841 2327 1855 2369 3

177 2401 358 2451 deinde
392 2417 506 2449 cum
541 2399 718 2448 calceis
752 2407 801 2447 et
835 2408 965 2461 toga,
991 2395 1136 2445 nullis
1170 2411 1262 2444 nec
1286 2392 1503 2451 Gallicis,
1531 2407 1624 2440 nec
1647 2391 1854 2438 lacerna.

179 2486 246 2531 At
281 2482 427 2531 etiam
464 2480 676 2544 adspicis
713 2497 807 2539 me,
834 2489 884 2528 et
919 2478 1138 2542 quidem,
1163 2486 1218 2525 ut
1245 2474 1438 2533 videris,
1464 2473 1627 2521 iratus.
1701 2471 1781 2518 Ne
1805 2477 1858 2516 tu

116 2590 158 2621 30
180 2563 275 2612 iam
302 2579 499 2611 mecum
522 2562 574 2610 in
598 2561 804 2625 gratiam
828 2561 1013 2617 redeas,
1043 2558 1082 2606 si
1108 2556 1232 2606 scias
1258 2571 1406 2618 quam
1441 2569 1523 2602 me
1557 2551 1743 2614 pudeat
1778 2564 1859 2596 ne-

182 2643 365 2706 quitiae
387 2652 513 2703 tuae,
541 2642 680 2690 cuius
705 2650 754 2690 te
778 2640 943 2704 ipsum
967 2655 1068 2687 non
1093 2639 1262 2700 pudet.
1336 2637 1413 2683 Ex
1443 2632 1667 2683 omnium
1703 2628 1858 2678 omni-

183 2724 275 2772 bus
298 2723 490 2786 flagitiis
515 2723 702 2770 nullum
729 2721 918 2784 turpius
942 2719 1056 2779 vidi,
1076 2719 1264 2766 nullum
1284 2715 1458 2764 audivi.
1509 2710 1607 2773 Qui
1632 2709 1860 2772 magister

184 2804 405 2866 equitum
430 2801 576 2851 fuisse
601 2801 690 2851 tibi
713 2800 945 2859 viderere,
963 2799 1014 2847 in
1037 2798 1312 2862 proximum
1337 2810 1524 2843 annum
1549 2792 1859 2841 consulatum

1959 189 1967 213 ἱ

1594 2956 1722 3002 4-2
