2062 3132
189 112 252 155 40
819 94 1223 143 CICERONIS
1545 92 1734 160 [XLIV
1766 114 1785 144 1
1799 114 1818 144 1
1831 113 1855 144 2

72 203 161 251 112
289 203 473 250 XLIV.
546 201 643 251 Sed
668 199 927 264 praeterita
952 201 1250 249 omittamus.
1326 202 1480 248 Hunc
1514 217 1667 248 unum
1703 201 1850 261 diem,

190 298 358 341 unum,
402 281 621 343 inquam,
666 280 959 330 hodiernum
999 280 1145 340 diem,
1188 281 1284 329 hoc
1321 290 1559 342 punctum
1607 281 1853 343 temporis,

189 379 290 424 quo
337 364 523 424 loquor,
574 362 800 421 defende,
849 361 890 410 si
935 372 1093 423 potes.
1180 363 1280 410 Cur
1328 371 1624 409 armatorum
1672 378 1855 410 corona

189 452 386 491 senatus
434 452 632 504 saeptus
681 444 789 490 est?
847 459 933 490 cur
979 459 1058 490 me
1108 443 1178 490 tui
1233 442 1463 491 satellites
1518 459 1630 490 cum
1680 443 1854 505 gladiis

189 524 429 572 audiunt?
482 539 567 570 cur
588 524 760 570 valvae
787 523 1097 571 Concordiae
1123 539 1225 571 non
1258 527 1465 585 patent?
1513 540 1599 571 cur
1633 523 1858 572 homines
1882 547 1903 579 ς

190 603 411 652 omnium
447 602 665 664 gentium
702 601 913 650 maxime
949 603 1194 662 barbaros,
1236 605 1468 665 Ityraeos,
1516 619 1630 651 cum
1671 603 1856 666 sagittis

191 684 394 732 deducis
441 683 491 730 in
539 684 735 730 forum?
817 682 1035 731 Praesidi
1083 683 1158 731 sui
1206 699 1378 732 caussa
1424 699 1476 732 se
1522 685 1681 732 facere
1721 684 1853 733 dicit.

193 767 308 812 Non
345 763 487 826 igitur
523 763 714 812 miliens
749 763 904 826 perire
942 773 1014 812 est
1049 764 1223 812 melius
1261 781 1414 827 quam
1450 764 1501 812 in
1539 781 1626 813 sua
1664 765 1858 813 civitate

193 844 295 893 sine
331 853 627 892 armatorum
662 843 906 906 praesidio
942 860 1043 892 non
1078 861 1223 907 posse
1259 846 1457 894 vivere?
1526 847 1624 894 Sed
1670 847 1859 894 nullum

192 937 264 975 est
281 927 424 985 istud,
443 925 563 973 mihi
584 927 742 983 crede,
761 926 1072 988 praesidium.
1127 926 1344 975 Caritate
1368 936 1417 975 te
1443 936 1490 975 et
1513 926 1863 975 benevolentia
1888 953 1928 975 10

75 1009 166 1054 113
191 1007 370 1055 civium
396 1016 620 1070 saeptum
651 1018 845 1070 oportet
882 1024 1002 1066 esse,
1029 1024 1132 1056 non
1168 1008 1326 1056 armis.
1402 1007 1589 1070 Eripiet
1625 1018 1672 1056 et
1708 1017 1862 1057 extor-

193 1088 362 1151 quebit
410 1086 497 1136 tibi
543 1087 635 1135 ista
681 1090 893 1150 populus
937 1091 1210 1147 Romanus,
1259 1088 1448 1136 utinam
1497 1088 1639 1136 salvis
1687 1089 1860 1137 nobis!

196 1170 293 1218 Sed
318 1185 519 1231 quoquo
545 1169 696 1217 modo
722 1168 981 1217 nobiscum
1007 1169 1176 1232 egeris,
1195 1170 1312 1217 dum
1332 1169 1436 1217 istis
1457 1167 1672 1217 consiliis
1697 1169 1858 1229 uteris,

194 1266 296 1298 non
334 1260 493 1312 potes,
538 1249 659 1296 mihi
700 1251 861 1308 crede,
906 1266 1014 1298 esse
1055 1250 1327 1298 diuturnus.
1402 1249 1601 1298 Etenim
1641 1249 1735 1298 ista
1780 1260 1864 1298 tua

196 1331 398 1379 minime
435 1347 579 1379 avara
614 1331 843 1391 coniunx,
871 1348 1020 1394 quam
1049 1348 1140 1393 ego
1166 1331 1270 1379 sine
1297 1330 1595 1379 contumelia
1623 1329 1864 1389 describo,
1893 1353 1931 1385 ις

197 1413 402 1460 nimium
451 1413 534 1460 diu
582 1414 732 1461 debet
779 1415 966 1475 populo
1014 1415 1246 1460 Romano
1305 1411 1498 1460 tertiam
1555 1411 1861 1474 pensionem.

198 1497 368 1543 Habet
393 1496 605 1557 populus
632 1498 890 1543 Romanus
914 1496 977 1543 ad
1011 1511 1134 1556 quos
1169 1495 1501 1557 gubernacula
1535 1492 1604 1541 rei
1639 1493 1866 1556 publicae

199 1577 405 1625 deferat:
438 1575 521 1637 qui
545 1575 845 1638 ubicumque
871 1585 1104 1624 terrarum
1131 1584 1257 1633 sunt,
1283 1575 1351 1623 ibi
1378 1591 1527 1624 omne
1553 1584 1625 1623 est
1648 1576 1716 1623 rei
1741 1575 1865 1636 pub-

197 1657 319 1704 licae
345 1655 643 1718 praesidium
668 1657 746 1704 vel
771 1655 936 1718 potius
962 1655 1071 1718 ipsa
1105 1671 1180 1703 res
1215 1654 1426 1718 publica,
1456 1671 1581 1717 quae
1618 1671 1670 1703 se
1705 1656 1868 1702 adhuc.

198 1747 391 1785 tantum
416 1739 569 1786 modo
593 1738 695 1785 ulta
720 1747 807 1795 est,
836 1738 1059 1785 nondum
1083 1736 1399 1799 recuperavit.
1474 1738 1645 1785 Habet
1671 1737 1870 1799 quidem
1896 1763 1937 1786 20

199 1828 329 1866 certe
365 1835 440 1867 res
474 1818 675 1880 publica
710 1818 1038 1866 adulescentis
1079 1817 1428 1877 nobilissimos,
1465 1827 1660 1880 paratos
1703 1819 1868 1866 defen-

201 1915 347 1947 sores.
422 1900 586 1959 Quam
610 1899 778 1945 volent
803 1897 871 1945 illi
896 1898 1076 1945 cedant
1096 1897 1197 1946 otio
1222 1899 1551 1956 consulentes,
1579 1907 1745 1945 tamen
1769 1914 1798 1945 a
1819 1914 1872 1946 re

200 1981 400 2044 publica
422 1981 793 2028 revocabuntur.
867 1981 932 2027 Et
956 1996 1141 2028 nomen
1167 1979 1302 2042 pacis
1329 1980 1473 2028 dulce
1497 1988 1570 2027 est
1594 1988 1643 2028 et
1667 1979 1772 2042 ipsa
1795 1996 1871 2027 res

204 2061 437 2110 salutaris.
515 2062 611 2110 Sed
637 2061 764 2109 inter
787 2076 964 2123 pacem
989 2069 1037 2109 et
1063 2060 1343 2109 servitutem
1368 2060 1628 2122 plurimum
1653 2059 1868 2108 interest.

205 2145 309 2190 Pax
350 2151 424 2190 est
471 2141 732 2203 tranquilla
774 2141 984 2200 libertas,
1030 2141 1234 2189 servitus
1282 2150 1589 2203 postremum
1634 2142 1876 2189 malorum
1900 2163 1940 2195 25

207 2222 443 2280 omnium,
483 2238 584 2270 non
627 2222 779 2269 modo
818 2222 966 2283 bello,
1007 2222 1095 2269 sed
1134 2230 1291 2269 morte
1331 2220 1478 2269 etiam
1519 2222 1870 2282 repellendum.

87 2304 182 2350 114
207 2304 357 2364 Quod
394 2302 433 2350 si
471 2318 523 2350 se
559 2302 692 2364 ipsos
728 2301 797 2349 illi
832 2301 986 2350 nostri
1021 2301 1308 2350 liberatores
1345 2317 1372 2349 e
1406 2310 1676 2364 conspectu
1706 2311 1874 2350 nostro

206 2384 523 2442 abstulerunt,
551 2393 599 2431 at
626 2385 906 2445 exemplum
932 2383 1046 2430 facti
1070 2383 1382 2444 reliquerunt.
1447 2382 1540 2441 Illi,
1567 2382 1702 2443 quod
1725 2397 1875 2430 nemo

207 2464 402 2523 fecerat,
428 2464 661 2511 fecerunt.
734 2462 1058 2525 Tarquinium
1085 2465 1262 2510 Brutus
1295 2463 1427 2510 bello
1463 2471 1537 2510 est
1573 2471 1873 2524 persecutus,

209 2544 294 2607 qui
331 2553 435 2592 tum
474 2561 559 2593 rex
595 2543 701 2603 fuit,
742 2561 855 2592 cum
897 2560 1004 2592 esse
1052 2547 1245 2593 Romae
1291 2560 1457 2607 regem
1504 2543 1696 2592 licebat.
1790 2545 1872 2606 Sp.
1903 2569 1945 2600 30

212 2626 424 2686 Cassius,
452 2628 530 2688 Sp.
561 2625 788 2685 Maelius,
819 2629 888 2674 M.
920 2625 1136 2674 Manlius
1160 2635 1358 2688 propter
1386 2624 1717 2687 suspicionem
1741 2624 1877 2688 regni

210 2706 475 2770 appetendi
499 2716 611 2754 sunt
634 2707 809 2756 necati.
884 2707 957 2755 Hi
981 2707 1194 2770 primum
1220 2723 1332 2755 curn
1357 2706 1531 2769 gladiis
1555 2722 1657 2755 non
1689 2705 1740 2754 in
1775 2722 1879 2768 reg-

212 2802 332 2836 num
379 2796 711 2850 appetentem,
761 2787 846 2836 sed
895 2786 947 2834 in
997 2796 1281 2851 regnantem
1341 2786 1578 2851 impetum
1637 2787 1871 2836 fecerunt.
