2023 3132
147 134 171 164 2
773 117 1181 166 CICERONIS
1707 115 1753 182 [I
1785 133 1808 163 2

89 227 118 272 3
144 241 195 272 se
231 240 337 273 esse
373 226 566 273 hostem
602 223 800 286 patriae,
828 223 920 272 nisi
956 224 1075 271 mihi
1100 233 1228 272 esset
1253 223 1490 272 inimicus.
1564 225 1657 273 Cui
1681 225 1813 287 prius

144 322 289 367 quam
325 306 388 353 de
425 304 596 353 ceteris
631 307 775 352 rebus
811 305 1106 366 respondeo,
1135 306 1198 352 de
1233 304 1458 362 amicitia,
1486 321 1635 366 quam
1671 321 1701 352 a
1734 320 1815 353 me

141 385 373 432 violatam
409 402 517 434 esse
552 384 831 433 criminatus
869 395 955 442 est,
983 386 1116 445 quod
1145 400 1235 446 ego
1259 385 1595 446 gravissimum
1632 385 1816 434 crimen

142 465 321 526 iudico,
349 483 509 528 pauca
534 466 708 514 dicam.

246 548 313 593 II.
372 548 556 595 Contra
580 562 681 593 rem
709 562 847 593 suam
873 562 952 594 me
978 544 1145 593 nescio
1172 548 1374 608 quando
1399 547 1590 595 venisse
1617 557 1817 609 questus

143 636 228 675 est.
301 629 381 674 An
419 643 509 689 ego
547 643 647 675 non
682 627 899 674 venirem
935 636 1107 674 contra
1143 627 1357 675 alienum
1393 644 1481 690 pro
1516 628 1738 676 familiari
1769 637 1817 676 et

143 708 454 756 necessario?
525 710 643 755 Non
678 707 896 756 venirem
933 718 1105 755 contra
1139 709 1343 770 gratiam
1381 726 1482 757 non
1517 710 1703 758 virtutis
1729 727 1816 773 spe

143 791 439 838 collectam?
508 791 627 838 Non
654 789 870 838 venirem
897 799 1071 837 contra
1100 789 1337 850 iniuriam,
1370 807 1519 852 quam
1551 790 1641 839 iste
1671 790 1816 840 inter-

143 870 346 919 cessoris
383 870 673 933 iniquissimi
712 870 954 919 beneficio
994 870 1222 929 obtinuit,
1261 887 1362 919 non
1398 871 1500 920 iure
1537 872 1819 934 praetorio?

144 953 239 1000 Sed
281 952 377 999 hoc
417 951 602 999 idcirco
644 960 1085 999 commemoratum
1123 967 1154 998 a
1194 960 1242 999 te
1277 961 1412 1014 puto,
1451 951 1523 1001 uti
1564 963 1612 1001 te
1649 953 1820 1002 infimo

147 1033 306 1081 ordini
341 1034 728 1090 commendares,
757 1049 869 1079 cum
907 1049 1078 1080 omnes
1116 1041 1164 1080 te
1199 1033 1572 1081 recordarentur
1606 1033 1819 1082 libertini

143 1130 377 1176 generum
414 1123 462 1161 et
498 1114 675 1161 liberos
713 1122 823 1161 tuos
861 1123 1071 1175 nepotes
1103 1115 1162 1174 Q.
1193 1114 1329 1172 Fadi,
1356 1114 1567 1162 libertini
1591 1115 1818 1174 hominis,

144 1195 302 1243 fuisse.
360 1197 426 1242 At
451 1193 582 1242 enirn
608 1205 655 1243 te
680 1194 731 1241 in
757 1194 1064 1257 disciplinam
1092 1211 1254 1243 meam
1280 1195 1730 1244 tradideras—nam
1755 1196 1823 1245 ita

145 1274 404 1336 dixisti—3
446 1277 651 1323 domum
688 1292 851 1323 meam
880 1275 1155 1324 ventitaras.
1229 1278 1308 1324 Ne
1344 1286 1411 1336 tu,
1450 1276 1488 1324 si
1524 1275 1574 1324 id
1608 1277 1819 1337 fecisses,

144 1357 317 1404 melius
365 1357 537 1413 famae,
586 1355 758 1404 melius
806 1356 1074 1418 pudicitiae
1122 1366 1234 1405 tuae
1282 1357 1628 1406 consuluisses
1724 1360 1823 1408 Sed

144 1451 307 1496 neque
332 1434 490 1483 fecisti
516 1451 622 1494 nec,
651 1434 690 1482 si
716 1451 935 1497 cuperes,
963 1435 1051 1484 tibi
1076 1437 1128 1484 id
1153 1453 1241 1498 per
1275 1438 1330 1486 C.
1361 1437 1627 1486 Curionem
1663 1440 1822 1487 facere

89 1517 121 1563 4
145 1516 374 1565 licuisset.
448 1520 726 1579 Auguratus
751 1516 1044 1579 petitionem
1069 1517 1189 1565 mihi
1219 1527 1268 1565 te
1304 1519 1606 1568 concessisse
1642 1520 1817 1568 dixisti.

146 1599 191 1647 O
230 1597 568 1645 incredibilem
607 1596 894 1645 audaciam!
947 1613 978 1645 o
1020 1597 1378 1660 impudentiam
1414 1600 1822 1662 praedicandam!

147 1680 260 1740 Quo
296 1678 428 1726 enim
466 1688 687 1741 tempore
723 1695 804 1727 me
841 1695 1075 1741 augurem
1111 1696 1141 1726 a
1176 1689 1282 1728 toto
1319 1682 1528 1744 collegio
1554 1681 1823 1745 expetitum

147 1761 237 1808 Cn.
280 1758 547 1821 Pompeius
584 1768 633 1807 et
671 1760 731 1820 Q.
773 1758 1072 1807 Hortensius
1108 1759 1650 1810 nominaverunt—nec
1691 1761 1823 1810 enim

146 1839 326 1887 licebat
361 1855 391 1885 a
424 1838 642 1900 pluribus
677 1839 1002 1898 nominari—‚
1029 1848 1083 1886 tu
1108 1855 1201 1887 nec
1234 1841 1473 1888 solvendo
1509 1857 1614 1890 eras
1650 1858 1741 1890 nec
1776 1851 1825 1891 te

146 1920 247 1967 ullo
283 1919 435 1967 modo
476 1918 569 1967 nisi
605 1936 772 1968 eversa
807 1937 858 1968 re
893 1919 1093 1983 publica
1127 1922 1230 1969 fore
1265 1920 1564 1971 incolumem
1600 1925 1822 1985 putabas.

150 2003 353 2049 Poteras
388 2010 554 2049 autem
592 2018 650 2049 eo
687 2011 910 2064 tempore
947 2011 1236 2064 auguratum
1262 2012 1442 2064 petere,
1468 2020 1582 2050 cum
1607 2003 1664 2050 in·
1684 2004 1826 2052 Italia

152 2084 206 2131 C.
234 2084 386 2132 Curio
422 2099 525 2131 non
562 2084 726 2130 esset?
761 2092 846 2130 aut
882 2093 999 2142 tum,
1028 2100 1140 2131 cum
1177 2100 1229 2131 es
1265 2085 1433 2144 factus,
1461 2101 1609 2131 unam
1647 2084 1826 2132 tribum

150 2160 253 2210 sine
290 2161 504 2211 Curione
539 2163 662 2210 ferre
697 2162 977 2225 potuisses?
1026 2162 1162 2210 cuius
1199 2163 1346 2211 etiam
1381 2163 1638 2212 familiares
1680 2166 1744 2213 de
1780 2164 1827 2213 vi

150 2243 466 2291 condemnati
492 2252 618 2302 sunt,
647 2244 783 2306 quod
808 2243 877 2292 tui
903 2243 1048 2291 nimis
1075 2243 1280 2292 studiosi
1305 2243 1522 2293 fuissent.

251 2327 349 2372 III.
423 2327 488 2372 At
528 2323 772 2373 beneficio
820 2341 929 2373 sum
977 2334 1064 2374 tuo
1106 2342 1235 2374 usus.
1323 2327 1473 2387 Quo?
1525 2343 1826 2390 quamquam

152 2402 274 2451 illud
298 2403 473 2465 ipsum,
501 2404 635 2465 quod
661 2419 1035 2464 commemoraS,
1057 2420 1250 2466 semper
1273 2420 1392 2466 prae
1416 2421 1495 2454 me
1520 2406 1620 2454 tuli.
1669 2406 1828 2455 Malui

153 2500 234 2532 me
257 2484 346 2532 tibi
371 2484 550 2532 debere
575 2485 809 2544 confiteri,
839 2502 989 2548 quam
1013 2485 1244 2548 cuiquam
1268 2486 1429 2534 minus
1461 2488 1692 2549 prudenti
1725 2505 1828 2537 non

154 2563 269 2612 satis
304 2574 467 2627 gratus
499 2565 661 2613 videri.
735 2567 833 2615 Sed
869 2583 968 2629 quo
998 2567 1276 2615 beneficio?
1312 2569 1448 2628 quod
1480 2585 1561 2616 me
1586 2569 1829 2618 Brundisii

154 2661 257 2693 non
292 2644 566 2694 occideris?
637 2648 799 2708 Quem
835 2647 939 2710 ipse
962 2649 1130 2707 victor,
1158 2648 1243 2709 qui
1279 2649 1382 2710 tibi,
1410 2659 1464 2697 ut
1498 2658 1602 2699 tute
1636 2651 1829 2713 gloriari

155 2726 364 2786 solebaS,
384 2727 626 2775 detulerat
652 2744 709 2776 ex
732 2729 1001 2778 latronibus
1027 2730 1124 2778 suis
1148 2730 1490 2793 principatum,
1512 2734 1698 2781 salvom
1723 2749 1829 2782 esse

153 2807 400 2867 voluisset,
438 2808 489 2856 in
527 2808 718 2857 Italiam
754 2811 822 2859 ire
859 2811 1087 2871 iussisset,
1128 2829 1241 2861 eum
1278 2822 1330 2860 tu
1372 2812 1659 2862 occideres?
1729 2815 1829 2862 Fac

1846 979 1885 1001 10

1850 1384 1888 1415 Ι5

1849 1789 1890 1810 20

1852 2192 1892 2222 25

1904 2561 1913 2576 u

1852 2597 1896 2627 30
