2023 3132
155 85 205 131 X
231 81 344 148 24],
405 84 682 133 ORATIO
726 84 1165 132 PHILIPPICA
1215 85 1586 135 SECUNDA.
1791 104 1819 149 9

154 203 208 242 ut
230 195 466 257 prodesse
489 195 558 244 rei
581 195 808 258 publicae
834 195 938 244 sine
964 212 1162 244 suasore
1180 212 1282 243 non
1301 200 1490 257 posset!
1534 197 1822 245 Atlaetatus

155 291 274 323 sum,
323 277 458 336 Quid
483 279 633 338 ergo?
656 276 707 324 in
731 286 869 324 tanta
892 276 1076 324 laetitia
1100 286 1306 325 cunctae
1331 276 1539 324 civitatis
1564 293 1643 324 me
1668 294 1822 325 unum

154 356 339 404 tristem
380 373 488 405 esse
529 358 824 419 oportebat?
894 359 1208 419 Quamquam
1251 359 1313 406 de
1351 367 1507 406 morte
1551 357 1697 406 Clodi
1733 359 1822 407 fuit
1842 361 1901 407 22

155 436 548 497 quaestio—non
585 437 700 485 satis
730 439 995 500 prudenter
1022 438 1105 485 illa
1140 437 1341 499 quidem
1372 439 1637 487 constituta
1652 458 1665 499 3
1705 440 1825 502 quid

111 543 129 572 5
155 516 285 564 enim
320 517 558 566 attinebat
593 534 723 566 nova
757 520 863 581 lege
900 518 1067 580 quaeri
1102 519 1165 567 de
1201 535 1276 577 eo,
1305 519 1389 581 qui
1424 520 1675 569 hominem
1703 522 1827 571 occi-

155 597 318 656 disset,
346 615 459 646 cum
486 608 611 646 esset
641 600 830 661 legibus
860 600 1082 661 quaestio
1107 600 1408 648 constituta?
1444 603 1719 663 quaesitum
1755 613 1827 652 est

156 685 405 727 tamen—2
446 680 581 738 quod
610 678 765 741 igitur,
795 695 908 727 cum
940 696 1015 728 res
1044 682 1290 741 agebatur,
1318 697 1465 729 nemo
1497 681 1548 728 in
1577 699 1656 731 me
1689 683 1822 744 dixit,

154 756 207 805 id
238 767 312 806 tot
347 759 488 806 annis
523 769 634 822 post
670 770 722 807 tu
759 776 810 808 es
846 760 1074 809 inventus
1111 761 1196 822 qui
1231 761 1454 809 diceres?
1524 765 1674 824 Quod
1708 782 1823 814 vero
1845 766 1903 813 23

157 838 318 886 dicere
355 855 499 887 ausus
536 856 587 887 es
624 839 772 901 idque
810 840 974 888 multis
1010 841 1184 900 verbis,
1213 857 1362 903 opera
1392 858 1502 889 mea
1535 844 1825 906 Pompeium

92 944 133 965 ιο
155 933 185 965 a
233 919 455 967 Caesaris
501 919 715 967 amicitia
763 935 869 968 esse
917 920 1191 968 diiunctum
1239 922 1304 968 ob
1352 938 1561 984 eamque
1607 940 1829 972 caussam

157 1002 301 1063 culpa
325 1017 436 1049 mea
460 1001 600 1049 civile
625 1002 808 1049 bellum
842 1016 947 1049 esse
981 1011 1180 1049 natum:
1228 1001 1278 1048 in
1316 1018 1375 1051 eo
1411 1019 1512 1050 non
1549 1012 1601 1051 tu
1627 1004 1828 1066 quidem

157 1091 261 1129 tota
284 1098 349 1139 re,
378 1082 478 1139 sed,
507 1082 641 1143 quod
666 1081 931 1129 maximum
957 1093 1043 1142 est,
1071 1084 1376 1145 temporibus
1402 1085 1578 1133 errasti.

263 1164 324 1209 X.
398 1163 505 1223 Ego
544 1164 611 1209 M.
643 1163 836 1222 Bibulo,
862 1163 1280 1225 praestantissimo
1317 1165 1435 1222 cive,
1464 1167 1678 1224 consule,
1706 1166 1828 1215 nihil

157 1243 475 1306 praetermisi,
503 1253 741 1305 quantum
766 1245 923 1293 facere
949 1245 1165 1307 enitique
1198 1245 1350 1306 potui,
1381 1245 1499 1308 quin
1538 1248 1829 1309 Pompeium

94 1351 132 1380 15
155 1342 184 1374 a
221 1326 442 1376 Caesaris
479 1326 828 1375 coniunctione
863 1344 1134 1376 avocarem.
1209 1330 1269 1375 In
1306 1344 1405 1389 quo
1441 1329 1621 1376 Caesar
1644 1329 1831 1377 felicior

157 1406 247 1454 fuit
262 1426 276 1468 3
324 1406 429 1469 ipse
477 1406 608 1454 enim
657 1407 952 1470 Pompeium
1001 1425 1030 1455 a
1076 1424 1189 1457 mea
1235 1407 1560 1455 familiaritate
1607 1408 1826 1456 diiunxit.

159 1490 338 1536 Postea
362 1505 492 1547 vero,
519 1506 667 1551 quam
694 1506 745 1538 se
770 1500 928 1539 totum
955 1491 1221 1553 Pompeius
1249 1491 1445 1540 Caesari
1471 1489 1681 1550 tradidit,
1711 1493 1832 1554 quid

158 1585 249 1631 ego
290 1569 426 1617 illum
468 1570 529 1618 ab
569 1586 627 1618 eo
667 1571 932 1619 distrahere
970 1572 1207 1618 conarer?
1277 1570 1419 1618 Stulti
1461 1580 1565 1619 erat
1608 1588 1828 1634 sperare:

158 1651 361 1699 suadere
385 1650 697 1713 impudentis.
755 1654 870 1700 Duo
896 1661 1062 1701 tamen
1087 1662 1310 1714 tempora
1335 1652 1625 1712 inciderunt,
1653 1656 1830 1716 quibus
1850 1654 1911 1700 24

93 1758 134 1779 20
157 1732 343 1794 aliquid
378 1744 549 1781 contra
586 1735 846 1782 Caesarem
885 1734 1126 1796 Pompeio
1163 1733 1411 1781 suaserim.
1486 1736 1559 1781 Ea
1582 1735 1728 1782 velim
1764 1751 1832 1783 re-

158 1815 449 1875 prehendas,
477 1813 515 1862 si
540 1824 705 1874 potes:
737 1830 903 1871 unum,
931 1831 994 1861 ne
1019 1813 1324 1876 quinquenni
1348 1813 1608 1875 imperium
1634 1814 1832 1864 Caesari

158 1902 439 1955 prorogaret
461 1911 470 1941 z
508 1895 722 1952 alterum,
751 1910 814 1941 ne
839 1903 1083 1955 pateretur
1106 1893 1229 1952 ferri,
1259 1902 1312 1940 ut
1337 1892 1554 1941 absentis
1581 1892 1684 1941 eius
1708 1894 1831 1943 ratio

157 1975 428 2024 haberetur.
475 1975 697 2035 Quorum
724 1974 763 2022 si
787 1975 1020 2022 utrumvis
1045 1974 1406 2037 persuasissem‚
1428 1974 1479 2022 in
1503 1976 1591 2022 has
1617 1975 1832 2024 miserias

157 2072 428 2118 numquam
468 2055 820 2103 incidissemus.
894 2059 1058 2118 Atque
1097 2057 1228 2104 idem
1274 2073 1379 2118 ego,
1418 2073 1531 2103 cum
1571 2057 1668 2104 iam
1710 2073 1831 2119 opes

94 2162 134 2192 25
159 2136 318 2184 omnis
361 2144 409 2183 et
452 2128 562 2182 suas
604 2144 653 2183 et
687 2135 861 2197 populi
898 2134 1116 2183 Romani
1154 2135 1420 2198 Pompeius
1457 2136 1521 2184 ad
1569 2137 1829 2185 Caesarem

160 2217 415 2266 detulisset
440 2223 647 2278 seroque
673 2233 732 2264 ea
756 2217 935 2265 sentire
961 2217 1220 2278 coepisset,
1251 2233 1375 2278 quae
1400 2232 1492 2278 ego
1528 2218 1682 2264 multo
1719 2227 1832 2266 ante

160 2298 482 2361 provideram,
525 2297 788 2359 inferrique
830 2297 1020 2360 patriae
1062 2300 1248 2346 bellum
1295 2298 1512 2345 viderem
1559 2298 1829 2347 nefarium:

160 2379 310 2442 pacis,
364 2377 673 2436 concordiae,
718 2377 1089 2440 compositionis
1131 2387 1301 2425 auctor
1349 2393 1456 2425 esse
1502 2393 1602 2425 non
1651 2378 1830 2438 destiti,

162 2476 371 2522 meaque
407 2459 491 2507 illa
525 2476 621 2508 vox
655 2469 728 2507 est
763 2469 880 2507 nota
915 2459 1108 2506 multis:
1146 2459 1408 2516 Utinam,
1437 2458 1538 2506 Cn.
1567 2458 1827 2519 Pompei,

98 2568 140 2599 30
162 2557 290 2589 cum
327 2542 383 2590 C.
425 2542 679 2590 Caesare
718 2539 1064 2587 societatem
1103 2546 1200 2585 aut
1234 2553 1547 2598 numquam
1586 2537 1828 2598 coisses,

164 2631 258 2670 aut
300 2636 611 2682 numquam
655 2619 1022 2668 diremisses!
1072 2617 1180 2665 fuit
1219 2619 1463 2665 alterum
1509 2617 1827 2679 gravitatis,

160 2705 403 2751 alterum
461 2701 811 2763 prudentiae
863 2710 1017 2748 tuae.
1126 2701 1270 2747 Haec
1329 2715 1452 2758 mea,
1505 2701 1574 2746 M.
1628 2700 1827 2759 Antoni,

161 2798 352 2845 semper
377 2791 426 2830 et
448 2783 511 2830 de
538 2781 777 2844 Pompeio
803 2790 851 2829 et
877 2781 939 2829 de
957 2796 1007 2828 re
1026 2779 1225 2842 publica
1243 2779 1446 2827 consilia
1459 2780 1676 2829 fuerunt:
1702 2797 1829 2842 quae

273 2930 314 2964 P.
341 2929 384 2965 P.
1689 2919 1717 2965 3
