2062 3132
166 103 344 153 XLIII
376 101 488 169 111]
549 104 826 152 ORATIO
860 102 1295 151 PHILIPPICA
1336 102 1705 150 SECUNDA.
1761 118 1824 164 39

167 209 376 273 publicis
402 219 449 258 et
463 208 513 257 in
532 209 729 272 privatis
747 210 890 258 rebus
909 218 1019 257 acta
1037 207 1259 259 Caesaris
1279 207 1489 256 rescidit.
1541 210 1601 256 In
1620 207 1828 270 publicis

168 291 290 339 nihil
314 300 387 340 est
409 292 516 353 lege
539 290 730 353 gravius
750 311 759 340 :
795 290 847 338 in
870 290 1068 353 privatis
1093 289 1424 338 firmissimum
1462 298 1535 337 est
1568 298 1830 338 testamen-

169 381 287 420 tum.
374 373 531 433 Leges
578 370 696 420 alias
744 371 847 420 sine
896 370 1290 434 promulgatione
1329 370 1559 419 sustulit:
1611 369 1729 418 alias
1775 378 1831 418 ut

169 452 374 512 tolleret,
421 451 754 514 promulgavit.
843 454 1219 500 Testamentum
1265 451 1452 499 irritum
1499 450 1642 498 fecit:
1695 451 1830 513 quod

121 557 140 588 5
166 532 311 581 etiarn
347 532 525 581 infimis
560 532 747 582 civibus
780 550 971 595 semper
996 535 1251 581 obtentum
1277 541 1361 581 est.
1436 531 1596 594 Signa,
1623 533 1827 591 tabulas,

168 630 287 675 quas
311 615 498 676 populo
525 615 704 663 Caesar
727 631 825 662 una
849 631 962 662 cum
987 616 1139 662 hortis
1159 613 1350 676 legavit,
1372 629 1454 661 eas
1473 613 1554 661 hic
1578 611 1754 676 partim
1779 612 1828 659 in

167 695 334 744 hortos
360 695 569 758 Pompei
593 695 882 758 deportavit,
909 696 1087 758 partim
1111 696 1162 744 in
1185 696 1350 744 villam
1376 694 1630 757 Scipionis.

265 778 461 824 XLIII.
535 779 597 825 Et
632 787 685 825 tu
721 778 771 825 in
808 777 1030 827 Caesaris
1068 777 1305 826 memoria
1340 776 1584 839 diligens?
1619 785 1673 823 tu
1695 774 1833 823 illum
1861 776 1950 822 110

167 873 301 905 amas
338 859 620 906 mortuom?
690 859 852 918 Quem
894 858 935 906 is
975 859 1215 907 honorem
1256 858 1492 906 maiorem
1539 867 1832 905 consecutus

103 963 142 984 10
166 946 278 995 erat,
339 953 487 999 quam
545 946 598 985 ut
656 938 856 986 haberet
913 937 1153 1000 pulvinar,
1206 936 1530 994 simulacrum,
1572 935 1830 998 fastigium,

168 1017 453 1065 flaminem?
523 1019 612 1066 Est
647 1034 760 1080 ergo
797 1019 992 1077 flamen,
1018 1027 1071 1065 ut
1108 1021 1229 1077 Iovi,
1256 1027 1311 1065 ut
1338 1016 1501 1076 Marti,
1529 1024 1583 1064 ut
1609 1016 1831 1077 Quirino,

168 1097 238 1145 sic
271 1097 386 1145 divo
423 1097 551 1145 Iulio
586 1100 656 1145 M.
697 1098 955 1146 Antonius.
1032 1096 1166 1158 Quid
1202 1098 1343 1160 igitur
1380 1099 1577 1145 cessas?
1612 1112 1696 1143 cur
1730 1113 1832 1144 non

168 1177 502 1241 inauguraris?
550 1195 689 1227 sume
725 1179 886 1228 diem:
922 1178 1049 1237 vide,
1090 1178 1171 1241 qui
1209 1188 1256 1226 te
1290 1178 1576 1240 inauguret3
1615 1179 1833 1240 collegae

169 1275 336 1306 sumus
352 1276 366 1319 ς
423 1275 572 1308 nemo
619 1258 829 1322 negabit·
922 1259 967 1308 Ο
1021 1258 1364 1307 detestabilem
1412 1258 1680 1317 hominem,
1730 1258 1832 1306 sive

104 1366 142 1396 15
167 1340 302 1402 quod
347 1340 538 1402 tyranni
589 1341 816 1388 sacerdos
865 1357 931 1399 eS,
983 1340 1084 1388 sive
1143 1341 1277 1402 quod
1336 1339 1542 1388 mortui!
1637 1342 1833 1400 Quaero

168 1420 414 1483 deinceps,
452 1437 572 1468 num
608 1420 874 1469 hodiernus
912 1419 1015 1467 dies
1052 1420 1135 1482 qui
1172 1419 1233 1467 sit
1269 1418 1500 1481 ignores?
1535 1420 1694 1467 nescis
1730 1418 1833 1466 heri

169 1510 393 1564 quartum
430 1499 481 1548 in
525 1501 669 1549 Circo
708 1501 839 1548 diem
887 1501 1114 1548 ludorum
1162 1502 1505 1548 Romanorum
1552 1499 1734 1548 fuisse?
1786 1510 1835 1548 te

168 1593 333 1631 autem
371 1582 531 1645 ipsum
568 1585 631 1631 ad
666 1584 904 1645 populum
941 1582 1108 1631 tulisse
1143 1592 1197 1630 ut
1233 1582 1432 1645 quintus
1457 1592 1706 1645 praeterea
1731 1582 1834 1631 dies

164 1662 361 1712 Caesari
407 1663 731 1712 tribueretur?
816 1664 915 1711 Cur
960 1679 1062 1711 non
1110 1679 1277 1711 sumus
1324 1663 1648 1725 praetextati?
1737 1664 1836 1711 Cur

103 1767 144 1790 20
166 1743 405 1791 honorem
432 1740 652 1791 Caesaris
677 1751 761 1791 tua
783 1744 890 1804 lege
916 1743 1085 1790 datum
1111 1742 1269 1791 deseri
1295 1742 1535 1804 patimur?
1567 1759 1631 1790 an
1656 1741 1835 1804 suppli-

168 1823 386 1873 cationes
424 1825 656 1873 addendo
699 1824 831 1872 diem
867 1823 1190 1872 contaminari
1226 1841 1398 1887 passus
1435 1840 1517 1883 es3
1563 1823 1835 1886 pulvinaria

169 1903 403 1952 noluisti?
469 1907 571 1951 Aut
605 1903 824 1965 undique
859 1903 1143 1965 religionem
1178 1905 1296 1951 tolle
1332 1912 1415 1951 aut
1449 1919 1606 1964 usque
1637 1918 1834 1965 quaque

170 1999 415 2032 conserva.
489 1984 709 2044 Quaeris,
735 1985 989 2046 placeatne
1013 1985 1131 2032 mihi
1165 1985 1390 2047 pulvinar
1425 2000 1546 2044 esse,
1571 1983 1831 2046 fastigium,
1862 1983 1953 2030 111

169 2064 429 2114 flaminem.
492 2065 620 2113 Mihi
643 2081 758 2114 vero
783 2065 904 2113 nihil
928 2065 1133 2114 istorum
1158 2067 1332 2128 placet.
1396 2067 1495 2114 Sed
1520 2075 1587 2125 tu,
1616 2065 1701 2128 qui
1725 2074 1836 2113 acta

104 2169 144 2200 25
169 2145 390 2193 Caesaris
415 2144 654 2202 defendis,
681 2144 802 2207 quid
831 2154 973 2208 potes
1009 2145 1174 2194 dicere
1210 2162 1295 2193 cur
1330 2145 1424 2194 alia
1460 2146 1712 2205 defendas,
1739 2143 1835 2192 alia

170 2241 273 2273 non
296 2227 470 2273 cures?
539 2226 647 2274 Nisi
670 2227 792 2274 forte
815 2225 888 2274 vis
912 2227 1050 2274 fateri
1075 2235 1124 2275 te
1158 2225 1324 2275 omnia
1360 2235 1565 2288 quaestu
1600 2235 1700 2286 tuo,
1731 2241 1833 2273 non

169 2303 296 2352 illius
334 2303 569 2367 dignitate
610 2305 782 2354 metiri.
856 2305 992 2367 Quid
1033 2307 1096 2354 ad
1133 2307 1257 2355 haec
1294 2307 1494 2354 tandem
1509 2307 1833 2367 ?—-exspecto

171 2383 302 2433 enim
327 2384 659 2447 eloquentiam
683 2393 816 2433 tuam
838 2403 847 2433 ε
879 2384 1249 2434 disertissimum
1275 2385 1484 2448 cognovi
1507 2401 1653 2433 avom
1677 2393 1831 2444 tuum,

172 2473 222 2512 at
245 2474 294 2513 te
319 2464 465 2513 etiam
490 2465 781 2527 apertiorem
806 2466 856 2513 in
883 2466 1097 2515 dicendo
1110 2482 1124 2525 3
1159 2466 1242 2515 ille
1275 2482 1547 2529 numquam
1572 2467 1734 2515 nudus
1759 2474 1833 2514 est

107 2571 148 2602 30
169 2544 497 2605 contionatuS,
523 2554 662 2594 tuum
697 2544 912 2594 hominis
943 2543 1178 2608 simplicis
1209 2555 1384 2607 pectus
1415 2545 1722 2594 vidimus—z
1763 2561 1833 2592 re-

174 2625 507 2687 spondebisne
529 2627 595 2675 ad
618 2627 742 2675 haec
767 2634 849 2673 aut
873 2625 1077 2674 omnino
1102 2625 1290 2674 hiscere
1325 2625 1566 2675 audebis?
1635 2623 1830 2686 Ecquid

171 2705 381 2768 reperies
406 2722 467 2755 ex
490 2716 590 2756 tam
614 2708 761 2771 longa
785 2706 1005 2756 oratione
1030 2722 1154 2767 mea,
1181 2706 1257 2754 cui
1283 2716 1330 2755 te
1363 2706 1660 2769 respondere
1683 2720 1830 2768 posse

173 2787 428 2836 confidas?
