2023 3132
168 131 296 178 XIX
321 126 406 194 47]
483 127 620 178 ΘΚΑ
635 127 757 175 TIO
801 125 1241 173 PHILIPPICA
1290 125 1662 174 SECUNDA.
1781 137 1838 185 17

167 239 391 286 fortunae
437 235 569 294 vitio,
607 252 708 283 non
757 251 846 283 suo
894 234 1183 283 decoxisset.
1255 231 1513 295 Sumpsisti
1550 231 1737 280 virilem
1771 241 1843 280 to-

168 334 280 381 gam
317 319 404 366 sed
433 316 531 365 cito
568 316 718 366 Curio
751 315 1022 364 intervenit.
1095 317 1260 363 Nemo
1301 330 1537 376 umquam
1578 329 1698 375 puer
1738 322 1840 360 tam
1856 311 1919 358 45

169 397 260 446 fuit
295 398 345 444 in
381 396 571 445 domini
605 406 850 458 potestate
885 412 1035 458 quam
1082 406 1134 444 tu
1180 393 1231 442 in
1274 394 1515 443 Curionis.
1604 392 1845 455 Quotiens

172 486 222 524 te
257 485 394 538 pater
428 475 533 523 eius
568 476 720 523 domu
767 492 855 523 sua
892 475 1072 523 eiecit?
1130 473 1357 537 quotiens
1403 474 1633 522 custodes
1668 473 1844 536 posuit,

125 581 145 613 5
169 572 232 604 ne
278 556 428 604 limen
475 555 714 604 intrares?
785 572 899 603 curn
948 566 1000 604 tu
1048 566 1213 604 tamen
1259 564 1406 603 nocte
1456 554 1602 614 socia,
1640 562 1849 616 cogente

172 638 416 696 mercede,
467 653 555 699 per
601 639 789 699 tegulas
836 637 1161 686 demitterere.
1258 637 1398 698 Quae
1444 635 1626 698 flagitia
1672 636 1847 683 domus

170 718 252 765 illa
298 718 479 766 diutius
526 720 648 766 ferre
695 735 797 766 non
844 718 1019 780 potuit.
1092 717 1261 766 Scisne
1307 734 1389 766 me
1436 718 1499 766 de
1545 719 1689 765 rebus
1731 715 1849 762 mihi

173 798 439 846 notissimis
490 799 690 848 dicere?
769 800 1052 848 Recordare
1099 809 1294 860 tempus
1352 798 1486 856 illud,
1536 814 1649 845 cum
1711 805 1849 858 pater

173 880 324 929 Curio
361 895 584 927 maerens
626 878 818 928 iacebat
856 879 907 926 in
948 881 1108 940 lect03
1160 878 1286 925 filius
1327 894 1380 925 se
1418 880 1482 926 ad
1520 879 1674 939 pedes
1714 892 1852 924 meos

118 990 158 1011 ιο
182 971 493 1025 prosternens
530 961 786 1008 lacrimans
822 970 870 1009 te
907 959 1027 1007 mihi
1064 960 1474 1017 commendabat,
1511 959 1682 1006 orabat
1716 967 1769 1005 ut
1804 965 1853 1004 te

174 1050 343 1089 contra
379 1057 520 1088 suum
556 1049 760 1102 patrem,
790 1040 829 1088 si
866 1039 1140 1089 sestertium
1177 1039 1427 1101 sexagiens
1463 1047 1662 1100 peteret,
1691 1037 1854 1084 defen·

176 1123 378 1170 derem:
415 1132 606 1170 tantum
632 1122 764 1170 enim
791 1138 842 1170 se
877 1138 968 1184 pro
1005 1132 1054 1170 te
1090 1121 1420 1169 intercessisse
1457 1119 1665 1168 dicebat.
1739 1120 1855 1180 Ipse

177 1212 343 1251 autem
371 1219 536 1251 amore
561 1205 738 1252 ardens
763 1205 1098 1263 confirmabat,
1119 1205 1254 1266 quod
1273 1201 1569 1251 desiderium
1589 1202 1657 1249 tui
1680 1199 1855 1248 discidi

176 1287 297 1333 ferre
333 1300 435 1333 non
471 1293 652 1346 posset,
680 1300 732 1332 se
758 1284 809 1332 in
834 1284 1056 1333 exsilium
1082 1284 1278 1332 iturum.
1352 1285 1466 1344 Quo
1503 1292 1727 1343 tempore
1763 1297 1854 1343 ego
1872 1279 1933 1327 46

115 1392 154 1422 15
177 1374 361 1427 quanta
385 1366 515 1412 mala
540 1364 910 1413 florentissimae
935 1365 1147 1412 familiae
1174 1363 1340 1412 sedavi
1365 1365 1443 1411 vel
1467 1363 1631 1425 potius
1656 1360 1857 1409 sustuli!

181 1447 310 1496 Patri
333 1448 551 1510 persuasi
577 1457 630 1496 ut
653 1464 735 1496 aes
759 1448 976 1496 alienum
1000 1448 1068 1496 fili
1094 1448 1377 1496 dissolveret
1395 1464 1409 1506 3
1450 1446 1709 1494 redimeret
1741 1445 1860 1492 adu-

179 1530 461 1587 lescentem,
505 1545 696 1577 summa
737 1545 822 1592 spe
865 1539 913 1578 et
954 1528 1103 1577 animi
1147 1539 1194 1577 et
1242 1527 1408 1590 ingeni
1455 1526 1746 1589 praeditum,
1791 1524 1860 1574 rei

180 1610 427 1658 familiaris
452 1611 763 1659 facultatibus
781 1629 794 1671 3
821 1627 1033 1673 eumque
1058 1627 1086 1658 a
1110 1620 1194 1658 tua
1218 1625 1319 1657 non
1344 1609 1494 1657 modo
1520 1606 1858 1667 familiaritate,

182 1691 269 1739 sed
305 1689 453 1739 etiam
490 1690 837 1753 congressione
872 1690 1028 1753 patrio
1066 1690 1168 1738 iure
1205 1699 1253 1738 et
1289 1698 1534 1752 potestate
1566 1688 1859 1750 prohiberet.

117 1797 159 1819 20
184 1773 328 1819 Haec
367 1781 421 1819 tu
461 1788 574 1818 cum
612 1788 699 1834 per
738 1788 818 1820 me
854 1781 964 1820 acta
1000 1769 1320 1829 meminisses,
1349 1770 1443 1818 nisi
1483 1769 1592 1829 illis,
1634 1786 1757 1831 quos
1793 1769 1860 1816 vi-

184 1854 373 1912 demus,
419 1852 592 1915 gladiis
635 1853 922 1912 confideres,
965 1850 1239 1901 maledictis
1282 1867 1362 1899 me
1405 1867 1672 1913 provocare
1719 1865 1863 1898 ausus

185 1935 354 1982 esses?

287 2016 429 2062 XIX.
503 2015 600 2063 Sed
625 2013 724 2062 iam
749 2014 930 2078 flagitia
965 2015 1280 2064 omittamus:
1314 2025 1427 2064 sunt
1452 2016 1708 2078 quaedam,
1736 2031 1862 2077 quae
1880 2014 1942 2062 4¹7

185 2095 392 2144 honeste
439 2112 540 2143 non
587 2112 789 2158 possum
837 2097 1031 2146 dicere:
1093 2107 1146 2145 tu
1184 2107 1349 2145 autem
1387 2113 1446 2146 eo
1482 2096 1691 2156 liberior,
1730 2097 1866 2159 quod

122 2201 162 2232 25
187 2192 246 2224 ea
284 2175 335 2223 in
377 2185 425 2224 te
467 2176 722 2235 admisisti,
766 2193 891 2239 quae
934 2195 962 2225 a
999 2180 1281 2227 verecundo
1320 2177 1522 2226 inimico
1559 2177 1726 2226 audire
1765 2193 1866 2224 non

187 2273 371 2319 posses.
445 2259 543 2306 Sed
578 2257 818 2320 reliquom
855 2261 983 2308 vitae
1018 2276 1216 2307 cursum
1252 2259 1454 2308 videte:
1493 2275 1639 2321 quem
1664 2258 1866 2320 quidem

189 2339 410 2387 celeriter
433 2338 769 2402 perstringam.
842 2343 923 2389 Ad
942 2342 1065 2388 haec
1091 2342 1237 2398 enirn,
1267 2357 1392 2402 quae
1417 2339 1468 2387 in
1492 2338 1621 2387 civili
1645 2340 1789 2397 bello,
1817 2340 1868 2384 in

188 2419 413 2467 maximis
449 2421 517 2468 rei
553 2421 782 2483 publicae
818 2421 1023 2470 miseriis
1059 2422 1188 2481 fecit,
1216 2431 1263 2469 et
1296 2423 1360 2469 ad
1396 2437 1467 2479 ea,
1505 2437 1630 2482 quae
1666 2419 1868 2468 cottidie

190 2500 318 2560 facit,
362 2501 559 2549 festinat
600 2501 804 2551 animus.
898 2503 1039 2563 Quae
1081 2512 1198 2565 peto
1246 2511 1315 2562 ut,
1362 2517 1664 2564 quamquam
1711 2501 1869 2548 multo

127 2604 170 2636 30
192 2580 383 2629 notiora
406 2581 545 2630 vobis
570 2598 718 2644 quam
744 2582 864 2630 mihi
889 2593 1018 2642 sunt,
1045 2592 1227 2643 tamen,
1254 2593 1308 2632 ut
1333 2583 1504 2642 facitis,
1526 2590 1712 2631 attente
1735 2581 1868 2629 audi-

192 2657 294 2707 atis.
370 2662 534 2710 Debet
559 2662 690 2709 enim
715 2662 893 2710 talibus
919 2664 969 2710 in
994 2664 1140 2711 rebus
1167 2663 1376 2711 excitare
1400 2663 1594 2711 animos
1622 2678 1724 2710 non
1758 2676 1871 2722 cog-

193 2737 315 2786 nitio
351 2741 508 2788 solum
547 2757 720 2801 rerum,
766 2744 855 2790 sed
893 2741 1041 2791 etiam
1077 2742 1365 2791 recordatio.
1456 2742 1561 2790 Etsi
1597 2741 1869 2789 incidamus

195 2817 384 2880 opinor,
412 2820 589 2880 media,
617 2837 678 2870 ne
704 2821 850 2870 nimis
876 2838 983 2871 sero
1008 2824 1073 2871 ad
1098 2833 1314 2871 extrema
1336 2823 1603 2872 veniamus.
