2023 3132
159 119 234 166 IV
261 115 309 182 7]
344 115 361 122 ”
402 117 684 167 ORATIO
729 117 1169 165 PHILIPPICA
1221 115 1592 165 SECUNDA.
1800 130 1829 176 3

157 224 389 286 potuisse.
482 225 633 285 Quod
680 234 751 273 est
799 224 947 283 aliud,
996 233 1159 286 patres
1207 221 1485 285 conscripti,
1534 221 1831 271 beneficium

157 307 414 364 latronum,
441 305 535 354 nisi
559 315 613 354 ut
637 322 1024 353 commemorare
1047 304 1250 368 possint,
1278 303 1346 352 eis
1373 320 1424 352 se
1449 304 1643 352 dedisse
1664 302 1830 360 vitam,

158 387 337 449 quibus
362 403 464 436 non
489 388 799 436 ademerint?
836 387 986 447 Quod
1011 385 1051 434 si
1076 396 1204 434 esset
1227 384 1538 445 beneficium,
1562 400 1833 446 numquam

158 466 243 528 qui
267 466 403 514 illum
428 467 790 525 interfecerunt,
814 483 843 514 a
867 483 968 528 quo
993 475 1130 514 erant
1166 464 1454 523 conservati,
1482 481 1604 527 quos
1639 474 1692 512 tu
1727 464 1831 526 ipse

115 571 134 601 5
156 546 450 595 clarissimos
474 547 603 595 viros
629 548 756 595 soles
781 548 1041 609 appellare,
1069 555 1257 594 tantam
1284 555 1448 594 essent
1478 545 1680 607 gloriam
1716 562 1833 593 con-

158 626 324 675 secuti.
399 628 560 688 Quale
601 637 765 676 autem
807 626 1102 675 beneficium
1145 637 1232 686 est,
1277 628 1413 688 quod
1455 636 1503 675 te
1543 626 1833 675 abstinueris

158 707 344 756 nefario
381 709 600 757 scelere?
669 710 782 770 Qua
816 708 868 756 in
902 725 954 757 re
989 725 1091 756 non
1115 718 1217 756 tam
1242 710 1513 757 iucundum
1537 708 1656 756 mihi
1680 708 1834 757 videri

157 788 329 836 debuit
354 805 456 836 non
480 789 792 837 interfectum
817 805 896 837 me
922 806 950 836 a
969 799 1030 844 te,
1048 805 1198 850 quam
1225 789 1456 837 miserum
1482 799 1529 838 te
1554 789 1606 837 id
1630 789 1834 851 impune

157 870 314 917 facere
342 869 574 931 potuisse.
647 871 743 918 Sed
777 869 838 917 sit
869 870 1179 927 beneficium,
1207 871 1409 932 quando
1441 869 1643 931 quidem
1678 870 1834 917 maius
1860 871 1887 917 6

95 973 133 994 10
155 946 313 1008 accipi
336 963 365 993 a
388 949 576 995 latrone
601 948 790 994 nullum
823 947 1017 1008 potuit:
1051 946 1102 994 in
1139 963 1237 1008 quo
1273 956 1413 1009 potes
1449 963 1529 994 me
1565 947 1727 995 dicere
1764 947 1835 994 in-

157 1030 384 1089 gratum?
451 1030 530 1075 An
555 1028 617 1075 de
643 1026 841 1075 interitu
864 1026 932 1074 rei
956 1027 1184 1089 publicae
1210 1027 1346 1089 queri
1372 1043 1473 1075 non
1505 1027 1669 1085 debui,
1696 1044 1759 1075 ne
1784 1028 1834 1075 in

157 1116 206 1154 te
241 1106 453 1169 ingratus
477 1107 703 1156 viderer?
771 1111 838 1156 At
872 1110 923 1155 in
959 1109 1042 1156 illa
1078 1110 1305 1171 querella,
1334 1108 1510 1157 misera
1545 1109 1748 1171 quidem
1784 1119 1833 1158 et

157 1189 394 1246 luctuosa,
413 1189 501 1237 sed
520 1189 639 1236 mihi
663 1205 754 1251 pro
779 1191 874 1237 hoc
899 1191 1065 1252 gradu,
1084 1190 1134 1236 in
1154 1206 1252 1252 quo
1278 1206 1359 1238 me
1384 1200 1579 1238 senatus
1605 1192 1835 1252 populus-

158 1286 254 1331 que
292 1273 549 1319 Romanus
587 1272 860 1329 collocavit,
889 1271 1176 1330 necessaria,
1206 1271 1324 1334 quid
1360 1282 1432 1320 est
1469 1272 1656 1320 dictum
1691 1290 1720 1320 a
1756 1289 1836 1321 me

95 1377 134 1406 15
158 1367 269 1398 cum
309 1351 646 1400 contumelia?
696 1352 816 1415 quid
858 1369 960 1401 non
998 1354 1291 1400 moderate?
1342 1353 1460 1414 quid
1500 1370 1601 1402 non
1643 1353 1836 1402 amice?

159 1432 311 1493 Quod
347 1431 549 1493 quidem
586 1432 723 1480 cuius
760 1432 1114 1495 temperantiae
1150 1432 1255 1492 fuit,
1283 1433 1344 1481 de
1380 1435 1449 1480 M.
1476 1434 1698 1481 Antonio
1724 1450 1837 1496 que-

158 1522 360 1571 rentem,
399 1512 642 1561 abstinere
684 1512 996 1561 maledictis?
1031 1513 1318 1575 praesertim
1362 1531 1476 1561 cum
1517 1524 1569 1562 tu
1609 1515 1836 1577 reliquias

158 1593 226 1640 rei
250 1593 477 1655 publicae
503 1592 839 1655 dissipavisses
850 1612 864 1654 3
889 1611 1004 1641 cum
1030 1594 1166 1642 domi
1185 1604 1297 1642 tuae
1318 1595 1599 1657 turpissimo
1619 1606 1837 1644 mercatu

159 1674 326 1722 omnia
345 1684 506 1723 essent
524 1675 715 1723 venalia
727 1693 740 1735 ‚·
766 1693 877 1723 cum
903 1678 1035 1739 leges
1061 1693 1155 1736 eas,
1179 1693 1306 1739 quae
1331 1694 1602 1740 numquam
1627 1679 1840 1740 promul-

97 1781 138 1802 20
159 1764 301 1817 gatae
325 1765 502 1814 essent,
531 1766 580 1805 et
605 1758 668 1806 de
693 1766 740 1805 te
766 1767 814 1806 et
839 1774 868 1805 a
893 1767 942 1806 te
966 1759 1086 1806 latas
1119 1760 1405 1807 confiterere
1422 1777 1435 1819 ,-
1472 1775 1585 1806 cum
1622 1758 1840 1821 auspicia

160 1853 324 1900 augur,
343 1837 745 1886 intercessionem
763 1839 934 1887 consul
950 1839 1248 1898 sustulisses,·
1275 1856 1388 1888 cum
1410 1857 1539 1889 esses
1554 1842 1838 1890 foedissime

160 1918 367 1980 stipatus
409 1919 634 1979 armatis,
692 1936 806 1967 cum
844 1921 1003 1968 omnis
1039 1920 1343 1983 impuritates
1378 1921 1560 1984 pudica
1596 1921 1647 1970 in
1686 1924 1839 1973 domo

161 1998 365 2048 cottidie
400 2000 674 2062 susciperes
707 2000 824 2049 vino
859 2000 1120 2063 lustrisque
1157 2003 1422 2050 confectus.
1496 2006 1562 2051 At
1587 2020 1692 2067 ego,
1719 2015 1840 2053 tam-
1866 2008 1895 2055 '7

161 2097 309 2143 quam
344 2080 464 2128 mihi
499 2098 614 2129 cum
652 2084 722 2131 M.
752 2084 930 2131 Crasso
967 2083 1221 2131 contentio
1246 2094 1390 2143 esset,
1417 2100 1632 2146 quocum
1657 2088 1840 2136 multae

99 2188 137 2219 25
162 2172 211 2211 et
235 2179 441 2225 magnae
466 2165 674 2221 fuerunt,
692 2180 796 2212 non
821 2181 934 2212 cum
959 2180 1062 2212 uno
1081 2164 1350 2227 gladiatore
1368 2165 1685 2228 nequissimo,
1702 2168 1765 2216 de
1789 2185 1840 2217 re

162 2243 363 2305 publica
386 2242 594 2305 graviter
614 2259 835 2304 querenS,
864 2244 927 2291 de
952 2245 1153 2292 homine
1180 2244 1300 2291 nihil
1325 2245 1436 2293 dixi.
1493 2248 1667 2309 Itaque
1691 2248 1841 2297 hodie

162 2322 411 2386 perficiam
447 2333 500 2371 ut
535 2322 802 2386 intellegat,
841 2335 1081 2386 quantum
1117 2342 1146 2372 a
1182 2343 1262 2375 me
1298 2327 1593 2375 beneficium
1628 2337 1734 2376 tum
1766 2346 1843 2378 ac-

163 2404 359 2467 ceperit.

265 2487 353 2533 IV.
423 2487 492 2533 At
516 2485 662 2534 etiarn
686 2486 885 2546 litteras,
912 2505 1033 2550 quas
1058 2505 1138 2538 me
1164 2489 1255 2538 sibi
1281 2488 1470 2539 misisse
1495 2489 1695 2551 diceret,
1722 2492 1840 2542 reci-

101 2593 143 2622 30
163 2565 280 2615 tavit
302 2568 454 2615 homo
480 2577 527 2616 et
558 2568 876 2617 humanitatis
902 2585 1074 2633 expers
1099 2579 1148 2619 et
1171 2571 1300 2620 vitae
1327 2572 1604 2621 communis
1629 2572 1836 2636 ignarus.

168 2646 291 2708 Quis
316 2647 448 2695 enim
479 2665 733 2710 umquam,
760 2649 844 2711 qui
876 2651 1080 2711 paulum
1113 2653 1265 2701 modo
1302 2655 1545 2702 bonorum
1582 2665 1843 2704 consuetu-

165 2728 332 2777 dinem
356 2741 538 2791 nosset‚
558 2731 740 2779 litteras
760 2733 823 2780 ad
844 2749 895 2780 se
915 2734 978 2781 ab
999 2732 1158 2782 amico
1183 2734 1355 2783 missas
1381 2737 1654 2785 offensione
1678 2737 1840 2799 aliqua

167 2809 453 2872 interposita
475 2811 525 2859 in
550 2812 768 2861 medium
793 2812 997 2876 protulit
1020 2815 1280 2878 palamque
1303 2816 1560 2865 recitavit?
1609 2817 1741 2878 Quid
1767 2827 1840 2867 est
