<?xml version="1.0" encoding="UTF-8"?>
<!DOCTYPE html PUBLIC "-//W3C//DTD XHTML 1.0 Transitional//EN"
    "http://www.w3.org/TR/xhtml1/DTD/xhtml1-transitional.dtd">
<html xmlns="http://www.w3.org/1999/xhtml" xml:lang="en" lang="en">
 <head>
  <title>
</title>
<meta http-equiv="Content-Type" content="text/html;charset=utf-8" />
  <meta name='ocr-system' content='tesseract 3.04.00' />
  <meta name='ocr-capabilities' content='ocr_page ocr_carea ocr_par ocr_line ocrx_word'/>
</head>
<body>
  <div class='ocr_page' id='page_1' title='image "./oratiophilippica00ciceuoft_0042.png"; bbox 0 0 2023 3132; ppageno 0'>
   <div class='ocr_carea' id='block_1_1' title="bbox 142 102 1801 169">
    <p class='ocr_par' dir='ltr' id='par_1_1' title="bbox 142 102 1801 169">
     <span class='ocr_line' id='line_1_1' title="bbox 142 102 1801 169; baseline -0.003 -13"><span class='ocrx_word' id='word_1_1' title='bbox 142 125 200 168; x_wconf 89' lang='lat'><strong>14</strong></span> <span class='ocrx_word' id='word_1_2' title='bbox 775 106 1180 155; x_wconf 84' lang='lat' dir='ltr'><em>CICERONIS</em></span> <span class='ocrx_word' id='word_1_3' title='bbox 1567 102 1714 169; x_wconf 91' lang='lat' dir='ltr'><strong>[XIV</strong></span> <span class='ocrx_word' id='word_1_4' title='bbox 1738 106 1801 166; x_wconf 84' lang='lat'><strong>36</strong></span> 
     </span>
    </p>
   </div>
   <div class='ocr_carea' id='block_1_2' title="bbox 60 211 1895 2855">
    <p class='ocr_par' dir='ltr' id='par_1_2' title="bbox 135 211 1852 678">
     <span class='ocr_line' id='line_1_2' title="bbox 135 211 1804 274; baseline -0.001 -13"><span class='ocrx_word' id='word_1_5' title='bbox 135 215 275 263; x_wconf 89' lang='lat' dir='ltr'><strong>times</strong></span> <span class='ocrx_word' id='word_1_6' title='bbox 313 231 373 264; x_wconf 93' lang='lat' dir='ltr'><strong>ne</strong></span> <span class='ocrx_word' id='word_1_7' title='bbox 409 216 471 263; x_wconf 88' lang='lat' dir='ltr'><strong>ad</strong></span> <span class='ocrx_word' id='word_1_8' title='bbox 507 224 555 263; x_wconf 92' lang='lat' dir='ltr'><strong>te</strong></span> <span class='ocrx_word' id='word_1_9' title='bbox 589 215 685 262; x_wconf 92' lang='lat' dir='ltr'><strong>hoc</strong></span> <span class='ocrx_word' id='word_1_10' title='bbox 720 213 904 260; x_wconf 84' lang='lat' dir='ltr'><strong>crimen</strong></span> <span class='ocrx_word' id='word_1_11' title='bbox 939 211 1182 274; x_wconf 89' lang='lat' dir='ltr'><strong>pertinere</strong></span> <span class='ocrx_word' id='word_1_12' title='bbox 1218 211 1473 260; x_wconf 87' lang='lat' dir='ltr'><strong>videatur?</strong></span> <span class='ocrx_word' id='word_1_13' title='bbox 1542 211 1719 260; x_wconf 92' lang='lat' dir='ltr'><strong>Libero</strong></span> <span class='ocrx_word' id='word_1_14' title='bbox 1754 221 1804 261; x_wconf 90' lang='lat' dir='ltr'><strong>te</strong></span> 
     </span>
     <span class='ocr_line' id='line_1_3' title="bbox 135 292 1806 354; baseline 0 -13"><span class='ocrx_word' id='word_1_15' title='bbox 135 306 298 343; x_wconf 88' lang='lat' dir='ltr'><strong>metu:</strong></span> <span class='ocrx_word' id='word_1_16' title='bbox 335 312 482 343; x_wconf 90' lang='lat' dir='ltr'><strong>nemo</strong></span> <span class='ocrx_word' id='word_1_17' title='bbox 507 296 672 342; x_wconf 85' lang='lat' dir='ltr'><strong>credet</strong></span> <span class='ocrx_word' id='word_1_18' title='bbox 702 309 968 354; x_wconf 89' lang='lat' dir='ltr'><strong>umquam;</strong></span> <span class='ocrx_word' id='word_1_19' title='bbox 1003 308 1104 339; x_wconf 91' lang='lat' dir='ltr'><strong>non</strong></span> <span class='ocrx_word' id='word_1_20' title='bbox 1141 300 1214 340; x_wconf 91' lang='lat' dir='ltr'><strong>est</strong></span> <span class='ocrx_word' id='word_1_21' title='bbox 1249 300 1386 339; x_wconf 90' lang='lat' dir='ltr'><strong>tuum</strong></span> <span class='ocrx_word' id='word_1_22' title='bbox 1423 292 1487 340; x_wconf 93' lang='lat' dir='ltr'><strong>de</strong></span> <span class='ocrx_word' id='word_1_23' title='bbox 1522 307 1573 340; x_wconf 89' lang='lat' dir='ltr'><strong>re</strong></span> <span class='ocrx_word' id='word_1_24' title='bbox 1608 292 1806 354; x_wconf 86' lang='lat' dir='ltr'><strong>publica</strong></span> 
     </span>
     <span class='ocr_line' id='line_1_4' title="bbox 137 371 1804 435; baseline -0.001 -12"><span class='ocrx_word' id='word_1_25' title='bbox 137 378 263 423; x_wconf 91' lang='lat' dir='ltr'><strong>bene</strong></span> <span class='ocrx_word' id='word_1_26' title='bbox 298 376 498 434; x_wconf 80' lang='lat' dir='ltr'><strong>mereri,-</strong></span> <span class='ocrx_word' id='word_1_27' title='bbox 535 376 683 423; x_wconf 90' lang='lat' dir='ltr'><strong>habet</strong></span> <span class='ocrx_word' id='word_1_28' title='bbox 719 373 857 421; x_wconf 90' lang='lat' dir='ltr'><strong>istius</strong></span> <span class='ocrx_word' id='word_1_29' title='bbox 881 371 1193 435; x_wconf 87' lang='lat' dir='ltr'><strong>pulcherrimi</strong></span> <span class='ocrx_word' id='word_1_30' title='bbox 1218 371 1334 418; x_wconf 85' lang='lat' dir='ltr'><strong>facti</strong></span> <span class='ocrx_word' id='word_1_31' title='bbox 1358 371 1651 420; x_wconf 89' lang='lat' dir='ltr'><strong>clarissimos</strong></span> <span class='ocrx_word' id='word_1_32' title='bbox 1675 373 1804 421; x_wconf 88' lang='lat' dir='ltr'><strong>viros</strong></span> 
     </span>
     <span class='ocr_line' id='line_1_5' title="bbox 135 452 1806 517; baseline -0.001 -15"><span class='ocrx_word' id='word_1_33' title='bbox 135 472 209 502; x_wconf 89' lang='lat' dir='ltr'><strong>res</strong></span> <span class='ocrx_word' id='word_1_34' title='bbox 234 455 430 517; x_wconf 90' lang='lat' dir='ltr'><strong>publica</strong></span> <span class='ocrx_word' id='word_1_35' title='bbox 454 465 700 503; x_wconf 85' lang='lat' dir='ltr'><strong>auctores:</strong></span> <span class='ocrx_word' id='word_1_36' title='bbox 726 470 818 516; x_wconf 90' lang='lat' dir='ltr'><strong>ego</strong></span> <span class='ocrx_word' id='word_1_37' title='bbox 844 462 892 501; x_wconf 92' lang='lat' dir='ltr'><strong>te</strong></span> <span class='ocrx_word' id='word_1_38' title='bbox 917 462 1105 500; x_wconf 90' lang='lat' dir='ltr'><strong>tantum</strong></span> <span class='ocrx_word' id='word_1_39' title='bbox 1131 454 1344 514; x_wconf 89' lang='lat' dir='ltr'><strong>gaudere</strong></span> <span class='ocrx_word' id='word_1_40' title='bbox 1369 452 1494 511; x_wconf 90' lang='lat' dir='ltr'><strong>dico,</strong></span> <span class='ocrx_word' id='word_1_41' title='bbox 1513 453 1685 501; x_wconf 90' lang='lat' dir='ltr'><strong>fecisse</strong></span> <span class='ocrx_word' id='word_1_42' title='bbox 1704 469 1806 501; x_wconf 93' lang='lat' dir='ltr'><strong>non</strong></span> 
     </span>
     <span class='ocr_line' id='line_1_6' title="bbox 136 532 1852 598; baseline -0.001 -15"><span class='ocrx_word' id='word_1_43' title='bbox 136 552 298 598; x_wconf 86' lang='lat' dir='ltr'><strong>arguo.</strong></span> <span class='ocrx_word' id='word_1_44' title='bbox 371 535 628 597; x_wconf 85' lang='lat' dir='ltr'><strong>Respondi</strong></span> <span class='ocrx_word' id='word_1_45' title='bbox 664 533 884 582; x_wconf 79' lang='lat' dir='ltr'><strong>maximis</strong></span> <span class='ocrx_word' id='word_1_46' title='bbox 917 532 1229 583; x_wconf 83' lang='lat' dir='ltr'><strong>criminibus:</strong></span> <span class='ocrx_word' id='word_1_47' title='bbox 1265 549 1397 580; x_wconf 91' lang='lat' dir='ltr'><strong>nunc</strong></span> <span class='ocrx_word' id='word_1_48' title='bbox 1432 533 1577 582; x_wconf 89' lang='lat' dir='ltr'><strong>etiam</strong></span> <span class='ocrx_word' id='word_1_49' title='bbox 1611 533 1807 596; x_wconf 88' lang='lat' dir='ltr'><strong>reliquis</strong></span> <span class='ocrx_word' id='word_1_50' title='bbox 1833 559 1852 590; x_wconf 82' lang='lat'>5</span> 
     </span>
     <span class='ocr_line' id='line_1_7' title="bbox 136 617 649 678; baseline 0 -14"><span class='ocrx_word' id='word_1_51' title='bbox 136 617 538 678; x_wconf 89' lang='lat' dir='ltr'><strong>respondendum</strong></span> <span class='ocrx_word' id='word_1_52' title='bbox 564 625 649 664; x_wconf 90' lang='lat' dir='ltr'><strong>est.</strong></span> 
     </span>
    </p>

    <p class='ocr_par' dir='ltr' id='par_1_3' title="bbox 60 694 1889 2043">
     <span class='ocr_line' id='line_1_8' title="bbox 60 694 1809 757; baseline -0.001 -14"><span class='ocrx_word' id='word_1_53' title='bbox 60 696 120 743; x_wconf 84' lang='lat'><strong>3¹7</strong></span> <span class='ocrx_word' id='word_1_54' title='bbox 237 698 346 743; x_wconf 88' lang='lat' dir='ltr'><strong>XV.</strong></span> <span class='ocrx_word' id='word_1_55' title='bbox 420 697 592 744; x_wconf 89' lang='lat' dir='ltr'><strong>Castra</strong></span> <span class='ocrx_word' id='word_1_56' title='bbox 638 694 759 742; x_wconf 88' lang='lat' dir='ltr'><strong>mihi</strong></span> <span class='ocrx_word' id='word_1_57' title='bbox 806 695 1013 757; x_wconf 90' lang='lat' dir='ltr'><strong>Pompei</strong></span> <span class='ocrx_word' id='word_1_58' title='bbox 1059 704 1229 757; x_wconf 42' lang='lat' dir='ltr'><strong>atque,</strong></span> <span class='ocrx_word' id='word_1_59' title='bbox 1254 694 1375 743; x_wconf 93' lang='lat' dir='ltr'><strong>illud</strong></span> <span class='ocrx_word' id='word_1_60' title='bbox 1422 710 1569 743; x_wconf 90' lang='lat' dir='ltr'><strong>omne</strong></span> <span class='ocrx_word' id='word_1_61' title='bbox 1616 704 1809 757; x_wconf 90' lang='lat' dir='ltr'><strong>tempus</strong></span> 
     </span>
     <span class='ocr_line' id='line_1_9' title="bbox 139 775 1810 838; baseline -0.002 -12"><span class='ocrx_word' id='word_1_62' title='bbox 139 777 373 826; x_wconf 90' lang='lat' dir='ltr'><strong>obiecisti.</strong></span> <span class='ocrx_word' id='word_1_63' title='bbox 447 778 561 838; x_wconf 83' lang='lat' dir='ltr'><strong>Quo</strong></span> <span class='ocrx_word' id='word_1_64' title='bbox 587 776 787 838; x_wconf 85' lang='lat' dir='ltr'><strong>quidem</strong></span> <span class='ocrx_word' id='word_1_65' title='bbox 812 785 1036 837; x_wconf 92' lang='lat' dir='ltr'><strong>tempore</strong></span> <span class='ocrx_word' id='word_1_66' title='bbox 1062 776 1115 835; x_wconf 89' lang='lat' dir='ltr'><strong>si,</strong></span> <span class='ocrx_word' id='word_1_67' title='bbox 1141 785 1195 824; x_wconf 91' lang='lat' dir='ltr'><strong>ut</strong></span> <span class='ocrx_word' id='word_1_68' title='bbox 1220 775 1332 833; x_wconf 87' lang='lat' dir='ltr'><strong>dixi,</strong></span> <span class='ocrx_word' id='word_1_69' title='bbox 1360 792 1525 824; x_wconf 89' lang='lat' dir='ltr'><strong>meum</strong></span> <span class='ocrx_word' id='word_1_70' title='bbox 1552 775 1810 823; x_wconf 89' lang='lat' dir='ltr'><strong>consilium</strong></span> 
     </span>
     <span class='ocr_line' id='line_1_10' title="bbox 138 855 1810 919; baseline -0.001 -14"><span class='ocrx_word' id='word_1_71' title='bbox 138 858 501 919; x_wconf 81' lang='lat' dir='ltr'><strong>auctoritasque</strong></span> <span class='ocrx_word' id='word_1_72' title='bbox 535 857 780 915; x_wconf 90' lang='lat' dir='ltr'><strong>valuisset,</strong></span> <span class='ocrx_word' id='word_1_73' title='bbox 808 867 860 904; x_wconf 92' lang='lat' dir='ltr'><strong>tu</strong></span> <span class='ocrx_word' id='word_1_74' title='bbox 895 856 1044 905; x_wconf 91' lang='lat' dir='ltr'><strong>hodie</strong></span> <span class='ocrx_word' id='word_1_75' title='bbox 1079 872 1260 918; x_wconf 85' lang='lat' dir='ltr'><strong>egeres,</strong></span> <span class='ocrx_word' id='word_1_76' title='bbox 1286 872 1378 904; x_wconf 90' lang='lat' dir='ltr'><strong>nos</strong></span> <span class='ocrx_word' id='word_1_77' title='bbox 1403 855 1540 904; x_wconf 91' lang='lat' dir='ltr'><strong>liberi</strong></span> <span class='ocrx_word' id='word_1_78' title='bbox 1565 872 1781 904; x_wconf 86' lang='lat' dir='ltr'><strong>essemus</strong></span> <span class='ocrx_word' id='word_1_79' title='bbox 1795 873 1810 916; x_wconf 83' lang='lat'>3</span> 
     </span>
     <span class='ocr_line' id='line_1_11' title="bbox 136 936 1879 1000; baseline 0.001 -15"><span class='ocrx_word' id='word_1_80' title='bbox 136 955 211 987; x_wconf 89' lang='lat' dir='ltr'><strong>res</strong></span> <span class='ocrx_word' id='word_1_81' title='bbox 252 937 451 1000; x_wconf 90' lang='lat' dir='ltr'><strong>publica</strong></span> <span class='ocrx_word' id='word_1_82' title='bbox 488 954 589 985; x_wconf 91' lang='lat' dir='ltr'><strong>non</strong></span> <span class='ocrx_word' id='word_1_83' title='bbox 631 946 704 985; x_wconf 90' lang='lat' dir='ltr'><strong>tot</strong></span> <span class='ocrx_word' id='word_1_84' title='bbox 741 938 891 986; x_wconf 91' lang='lat' dir='ltr'><strong>duces</strong></span> <span class='ocrx_word' id='word_1_85' title='bbox 934 946 982 985; x_wconf 93' lang='lat' dir='ltr'><strong>et</strong></span> <span class='ocrx_word' id='word_1_86' title='bbox 1020 937 1258 986; x_wconf 86' lang='lat' dir='ltr'><strong>exercitus</strong></span> <span class='ocrx_word' id='word_1_87' title='bbox 1296 936 1547 985; x_wconf 90' lang='lat' dir='ltr'><strong>amisisset.</strong></span> <span class='ocrx_word' id='word_1_88' title='bbox 1637 939 1814 986; x_wconf 87' lang='lat' dir='ltr'><strong>Fateor</strong></span> <span class='ocrx_word' id='word_1_89' title='bbox 1839 964 1879 986; x_wconf 79' lang='grc' dir='ltr'><strong>ιο</strong></span> 
     </span>
     <span class='ocr_line' id='line_1_12' title="bbox 139 1018 1815 1081; baseline -0.001 -14"><span class='ocrx_word' id='word_1_90' title='bbox 139 1019 270 1068; x_wconf 89' lang='lat' dir='ltr'><strong>enirn</strong></span> <span class='ocrx_word' id='word_1_91' title='bbox 307 1036 400 1079; x_wconf 92' lang='lat' dir='ltr'><strong>me,</strong></span> <span class='ocrx_word' id='word_1_92' title='bbox 427 1036 541 1067; x_wconf 91' lang='lat' dir='ltr'><strong>cum</strong></span> <span class='ocrx_word' id='word_1_93' title='bbox 579 1036 636 1067; x_wconf 90' lang='lat' dir='ltr'><strong>ea</strong></span> <span class='ocrx_word' id='word_1_94' title='bbox 672 1036 798 1081; x_wconf 89' lang='lat' dir='ltr'><strong>quae</strong></span> <span class='ocrx_word' id='word_1_95' title='bbox 833 1018 1113 1067; x_wconf 86' lang='lat' dir='ltr'><strong>acciderunt</strong></span> <span class='ocrx_word' id='word_1_96' title='bbox 1145 1019 1451 1081; x_wconf 89' lang='lat' dir='ltr'><strong>providerem</strong></span> <span class='ocrx_word' id='word_1_97' title='bbox 1475 1020 1647 1080; x_wconf 91' lang='lat' dir='ltr'><strong>futura,</strong></span> <span class='ocrx_word' id='word_1_98' title='bbox 1679 1027 1815 1067; x_wconf 90' lang='lat' dir='ltr'><strong>tanta</strong></span> 
     </span>
     <span class='ocr_line' id='line_1_13' title="bbox 139 1098 1813 1161; baseline -0.001 -13"><span class='ocrx_word' id='word_1_99' title='bbox 139 1101 189 1148; x_wconf 91' lang='lat' dir='ltr'><strong>in</strong></span> <span class='ocrx_word' id='word_1_100' title='bbox 214 1101 456 1149; x_wconf 88' lang='lat' dir='ltr'><strong>maestitia</strong></span> <span class='ocrx_word' id='word_1_101' title='bbox 487 1100 649 1160; x_wconf 90' lang='lat' dir='ltr'><strong>fuisse,</strong></span> <span class='ocrx_word' id='word_1_102' title='bbox 677 1110 863 1161; x_wconf 87' lang='lat' dir='ltr'><strong>quanta</strong></span> <span class='ocrx_word' id='word_1_103' title='bbox 887 1099 1035 1148; x_wconf 91' lang='lat' dir='ltr'><strong>ceteri</strong></span> <span class='ocrx_word' id='word_1_104' title='bbox 1061 1099 1236 1161; x_wconf 91' lang='lat' dir='ltr'><strong>optimi</strong></span> <span class='ocrx_word' id='word_1_105' title='bbox 1260 1099 1405 1159; x_wconf 90' lang='lat' dir='ltr'><strong>cives,</strong></span> <span class='ocrx_word' id='word_1_106' title='bbox 1432 1098 1472 1147; x_wconf 92' lang='lat' dir='ltr'><strong>si</strong></span> <span class='ocrx_word' id='word_1_107' title='bbox 1496 1099 1628 1147; x_wconf 91' lang='lat' dir='ltr'><strong>idem</strong></span> <span class='ocrx_word' id='word_1_108' title='bbox 1653 1098 1813 1161; x_wconf 91' lang='lat' dir='ltr'><strong>provi-</strong></span> 
     </span>
     <span class='ocr_line' id='line_1_14' title="bbox 140 1180 1815 1243; baseline -0.002 -13"><span class='ocrx_word' id='word_1_109' title='bbox 140 1183 340 1239; x_wconf 87' lang='lat' dir='ltr'><strong>dissent,</strong></span> <span class='ocrx_word' id='word_1_110' title='bbox 366 1181 582 1229; x_wconf 85' lang='lat' dir='ltr'><strong>fuissent.</strong></span> <span class='ocrx_word' id='word_1_111' title='bbox 657 1182 919 1240; x_wconf 91' lang='lat' dir='ltr'><strong>Dolebam,</strong></span> <span class='ocrx_word' id='word_1_112' title='bbox 947 1183 1194 1241; x_wconf 88' lang='lat' dir='ltr'><strong>dolebam,</strong></span> <span class='ocrx_word' id='word_1_113' title='bbox 1221 1190 1383 1243; x_wconf 90' lang='lat' dir='ltr'><strong>patres</strong></span> <span class='ocrx_word' id='word_1_114' title='bbox 1408 1180 1685 1243; x_wconf 86' lang='lat' dir='ltr'><strong>conscripti,</strong></span> <span class='ocrx_word' id='word_1_115' title='bbox 1711 1196 1815 1228; x_wconf 90' lang='lat' dir='ltr'><strong>rem</strong></span> 
     </span>
     <span class='ocr_line' id='line_1_15' title="bbox 141 1262 1815 1326; baseline -0.001 -16"><span class='ocrx_word' id='word_1_116' title='bbox 141 1264 389 1326; x_wconf 89' lang='lat' dir='ltr'><strong>publicam</strong></span> <span class='ocrx_word' id='word_1_117' title='bbox 428 1262 599 1311; x_wconf 88' lang='lat' dir='ltr'><strong>vestris</strong></span> <span class='ocrx_word' id='word_1_118' title='bbox 647 1264 902 1325; x_wconf 89' lang='lat' dir='ltr'><strong>quondam</strong></span> <span class='ocrx_word' id='word_1_119' title='bbox 944 1262 1166 1324; x_wconf 86' lang='lat' dir='ltr'><strong>meisque</strong></span> <span class='ocrx_word' id='word_1_120' title='bbox 1213 1262 1429 1311; x_wconf 89' lang='lat' dir='ltr'><strong>consiliis</strong></span> <span class='ocrx_word' id='word_1_121' title='bbox 1477 1270 1815 1310; x_wconf 88' lang='lat' dir='ltr'><strong>conservatam</strong></span> 
     </span>
     <span class='ocr_line' id='line_1_16' title="bbox 141 1338 1881 1401; baseline -0.001 -14"><span class='ocrx_word' id='word_1_122' title='bbox 141 1339 275 1387; x_wconf 87' lang='lat' dir='ltr'><strong>brevi</strong></span> <span class='ocrx_word' id='word_1_123' title='bbox 300 1350 521 1401; x_wconf 89' lang='lat' dir='ltr'><strong>tempore</strong></span> <span class='ocrx_word' id='word_1_124' title='bbox 546 1356 652 1387; x_wconf 90' lang='lat' dir='ltr'><strong>esse</strong></span> <span class='ocrx_word' id='word_1_125' title='bbox 674 1339 953 1401; x_wconf 88' lang='lat' dir='ltr'><strong>perituram.</strong></span> <span class='ocrx_word' id='word_1_126' title='bbox 1029 1341 1076 1386; x_wconf 97' lang='lat' dir='ltr'>N</span> <span class='ocrx_word' id='word_1_127' title='bbox 1083 1356 1138 1387; x_wconf 90' lang='lat' dir='ltr'><strong>ec</strong></span> <span class='ocrx_word' id='word_1_128' title='bbox 1162 1356 1278 1387; x_wconf 91' lang='lat' dir='ltr'><strong>vero</strong></span> <span class='ocrx_word' id='word_1_129' title='bbox 1304 1356 1435 1387; x_wconf 90' lang='lat' dir='ltr'><strong>eram</strong></span> <span class='ocrx_word' id='word_1_130' title='bbox 1461 1348 1561 1387; x_wconf 91' lang='lat' dir='ltr'><strong>tam</strong></span> <span class='ocrx_word' id='word_1_131' title='bbox 1587 1338 1816 1387; x_wconf 89' lang='lat' dir='ltr'><strong>indoctus</strong></span> <span class='ocrx_word' id='word_1_132' title='bbox 1842 1361 1881 1392; x_wconf 87' lang='lat'><strong>15</strong></span> 
     </span>
     <span class='ocr_line' id='line_1_17' title="bbox 141 1415 1816 1479; baseline -0.001 -15"><span class='ocrx_word' id='word_1_133' title='bbox 141 1417 436 1479; x_wconf 89' lang='lat' dir='ltr'><strong>ignarusque</strong></span> <span class='ocrx_word' id='word_1_134' title='bbox 471 1433 645 1474; x_wconf 90' lang='lat' dir='ltr'><strong>rerum,</strong></span> <span class='ocrx_word' id='word_1_135' title='bbox 673 1426 726 1464; x_wconf 91' lang='lat' dir='ltr'><strong>ut</strong></span> <span class='ocrx_word' id='word_1_136' title='bbox 761 1418 1003 1479; x_wconf 90' lang='lat' dir='ltr'><strong>frangerer</strong></span> <span class='ocrx_word' id='word_1_137' title='bbox 1037 1418 1204 1464; x_wconf 91' lang='lat' dir='ltr'><strong>animo</strong></span> <span class='ocrx_word' id='word_1_138' title='bbox 1239 1426 1439 1479; x_wconf 89' lang='lat' dir='ltr'><strong>propter</strong></span> <span class='ocrx_word' id='word_1_139' title='bbox 1472 1416 1601 1464; x_wconf 85' lang='lat' dir='ltr'><strong>vitae</strong></span> <span class='ocrx_word' id='word_1_140' title='bbox 1630 1415 1816 1478; x_wconf 87' lang='lat' dir='ltr'><strong>cupidi·</strong></span> 
     </span>
     <span class='ocr_line' id='line_1_18' title="bbox 142 1495 1818 1560; baseline -0.001 -14"><span class='ocrx_word' id='word_1_141' title='bbox 142 1508 308 1555; x_wconf 90' lang='lat' dir='ltr'><strong>tatem,</strong></span> <span class='ocrx_word' id='word_1_142' title='bbox 327 1514 452 1560; x_wconf 88' lang='lat' dir='ltr'><strong>quae</strong></span> <span class='ocrx_word' id='word_1_143' title='bbox 467 1514 546 1546; x_wconf 93' lang='lat' dir='ltr'><strong>me</strong></span> <span class='ocrx_word' id='word_1_144' title='bbox 562 1514 766 1545; x_wconf 88' lang='lat' dir='ltr'><strong>manens</strong></span> <span class='ocrx_word' id='word_1_145' title='bbox 783 1499 1045 1546; x_wconf 89' lang='lat' dir='ltr'><strong>conficeret</strong></span> <span class='ocrx_word' id='word_1_146' title='bbox 1061 1497 1339 1559; x_wconf 86' lang='lat' dir='ltr'><strong>angoribus,</strong></span> <span class='ocrx_word' id='word_1_147' title='bbox 1358 1497 1559 1546; x_wconf 91' lang='lat' dir='ltr'><strong>dimissa</strong></span> <span class='ocrx_word' id='word_1_148' title='bbox 1583 1495 1818 1545; x_wconf 88' lang='lat' dir='ltr'><strong>molestiis</strong></span> 
     </span>
     <span class='ocr_line' id='line_1_19' title="bbox 143 1576 1821 1640; baseline 0 -14"><span class='ocrx_word' id='word_1_149' title='bbox 143 1577 372 1626; x_wconf 91' lang='lat' dir='ltr'><strong>omnibus</strong></span> <span class='ocrx_word' id='word_1_150' title='bbox 407 1576 644 1625; x_wconf 90' lang='lat' dir='ltr'><strong>liberaret.</strong></span> <span class='ocrx_word' id='word_1_151' title='bbox 718 1579 837 1625; x_wconf 89' lang='lat' dir='ltr'><strong>Illos</strong></span> <span class='ocrx_word' id='word_1_152' title='bbox 874 1594 965 1640; x_wconf 90' lang='lat' dir='ltr'><strong>ego</strong></span> <span class='ocrx_word' id='word_1_153' title='bbox 1001 1577 1443 1640; x_wconf 90' lang='lat' dir='ltr'><strong>praestantissimos</strong></span> <span class='ocrx_word' id='word_1_154' title='bbox 1467 1579 1609 1637; x_wconf 90' lang='lat' dir='ltr'><strong>viros,</strong></span> <span class='ocrx_word' id='word_1_155' title='bbox 1635 1577 1821 1626; x_wconf 87' lang='lat' dir='ltr'><strong>lumina</strong></span> 
     </span>
     <span class='ocr_line' id='line_1_20' title="bbox 144 1656 1820 1719; baseline 0.001 -16"><span class='ocrx_word' id='word_1_156' title='bbox 144 1657 211 1704; x_wconf 90' lang='lat' dir='ltr'><strong>rei</strong></span> <span class='ocrx_word' id='word_1_157' title='bbox 236 1656 475 1717; x_wconf 89' lang='lat' dir='ltr'><strong>publicae,</strong></span> <span class='ocrx_word' id='word_1_158' title='bbox 497 1656 658 1704; x_wconf 90' lang='lat' dir='ltr'><strong>vivere</strong></span> <span class='ocrx_word' id='word_1_159' title='bbox 682 1658 924 1716; x_wconf 91' lang='lat' dir='ltr'><strong>volebam,</strong></span> <span class='ocrx_word' id='word_1_160' title='bbox 942 1667 1015 1705; x_wconf 90' lang='lat' dir='ltr'><strong>tot</strong></span> <span class='ocrx_word' id='word_1_161' title='bbox 1039 1658 1321 1716; x_wconf 89' lang='lat' dir='ltr'><strong>consularis,</strong></span> <span class='ocrx_word' id='word_1_162' title='bbox 1345 1667 1418 1706; x_wconf 90' lang='lat' dir='ltr'><strong>tot</strong></span> <span class='ocrx_word' id='word_1_163' title='bbox 1441 1659 1724 1719; x_wconf 90' lang='lat' dir='ltr'><strong>praetorios,</strong></span> <span class='ocrx_word' id='word_1_164' title='bbox 1746 1666 1820 1705; x_wconf 93' lang='lat' dir='ltr'><strong>tot</strong></span> 
     </span>
     <span class='ocr_line' id='line_1_21' title="bbox 143 1737 1889 1800; baseline 0.001 -16"><span class='ocrx_word' id='word_1_165' title='bbox 143 1737 517 1786; x_wconf 91' lang='lat' dir='ltr'><strong>honestissimos</strong></span> <span class='ocrx_word' id='word_1_166' title='bbox 553 1749 816 1797; x_wconf 87' lang='lat' dir='ltr'><strong>senatores,</strong></span> <span class='ocrx_word' id='word_1_167' title='bbox 844 1754 1043 1786; x_wconf 90' lang='lat' dir='ltr'><strong>omnem</strong></span> <span class='ocrx_word' id='word_1_168' title='bbox 1079 1748 1331 1800; x_wconf 88' lang='lat' dir='ltr'><strong>praeterea</strong></span> <span class='ocrx_word' id='word_1_169' title='bbox 1359 1740 1529 1786; x_wconf 89' lang='lat' dir='ltr'><strong>florem</strong></span> <span class='ocrx_word' id='word_1_170' title='bbox 1555 1737 1822 1786; x_wconf 89' lang='lat' dir='ltr'><strong>nobilitatis</strong></span> <span class='ocrx_word' id='word_1_171' title='bbox 1846 1763 1889 1785; x_wconf 87' lang='lat'><strong>20</strong></span> 
     </span>
     <span class='ocr_line' id='line_1_22' title="bbox 146 1819 1821 1882; baseline 0.001 -15"><span class='ocrx_word' id='word_1_172' title='bbox 146 1835 203 1867; x_wconf 90' lang='lat' dir='ltr'><strong>ac</strong></span> <span class='ocrx_word' id='word_1_173' title='bbox 227 1819 507 1878; x_wconf 88' lang='lat' dir='ltr'><strong>iuventutis,</strong></span> <span class='ocrx_word' id='word_1_174' title='bbox 533 1829 639 1867; x_wconf 92' lang='lat' dir='ltr'><strong>tum</strong></span> <span class='ocrx_word' id='word_1_175' title='bbox 666 1820 965 1882; x_wconf 89' lang='lat' dir='ltr'><strong>optimorum</strong></span> <span class='ocrx_word' id='word_1_176' title='bbox 999 1819 1178 1867; x_wconf 89' lang='lat' dir='ltr'><strong>civium</strong></span> <span class='ocrx_word' id='word_1_177' title='bbox 1213 1820 1448 1868; x_wconf 86' lang='lat' dir='ltr'><strong>exercitus</strong></span> <span class='ocrx_word' id='word_1_178' title='bbox 1471 1838 1481 1867; x_wconf 74' lang='grc' dir='ltr'>ε</span> <span class='ocrx_word' id='word_1_179' title='bbox 1519 1820 1604 1882; x_wconf 91' lang='lat' dir='ltr'><strong>qui</strong></span> <span class='ocrx_word' id='word_1_180' title='bbox 1628 1819 1668 1868; x_wconf 89' lang='lat' dir='ltr'><strong>si</strong></span> <span class='ocrx_word' id='word_1_181' title='bbox 1692 1819 1821 1868; x_wconf 90' lang='lat' dir='ltr'><strong>vive-</strong></span> 
     </span>
     <span class='ocr_line' id='line_1_23' title="bbox 147 1900 1824 1963; baseline 0.001 -16"><span class='ocrx_word' id='word_1_182' title='bbox 147 1910 267 1960; x_wconf 85' lang='lat' dir='ltr'><strong>rent,</strong></span> <span class='ocrx_word' id='word_1_183' title='bbox 287 1900 510 1962; x_wconf 89' lang='lat' dir='ltr'><strong>quamvis</strong></span> <span class='ocrx_word' id='word_1_184' title='bbox 529 1900 696 1962; x_wconf 87' lang='lat' dir='ltr'><strong>iniqua</strong></span> <span class='ocrx_word' id='word_1_185' title='bbox 721 1900 1014 1949; x_wconf 88' lang='lat' dir='ltr'><strong>condicione</strong></span> <span class='ocrx_word' id='word_1_186' title='bbox 1039 1901 1364 1962; x_wconf 82' lang='lat' dir='ltr'><strong>pacis--mihi</strong></span> <span class='ocrx_word' id='word_1_187' title='bbox 1390 1901 1521 1950; x_wconf 90' lang='lat' dir='ltr'><strong>enim</strong></span> <span class='ocrx_word' id='word_1_188' title='bbox 1547 1901 1705 1949; x_wconf 90' lang='lat' dir='ltr'><strong>omnis</strong></span> <span class='ocrx_word' id='word_1_189' title='bbox 1730 1917 1824 1963; x_wconf 87' lang='lat' dir='ltr'><strong>pax</strong></span> 
     </span>
     <span class='ocr_line' id='line_1_24' title="bbox 149 1980 1825 2043; baseline 0.001 -17"><span class='ocrx_word' id='word_1_190' title='bbox 149 1996 262 2027; x_wconf 92' lang='lat' dir='ltr'><strong>cum</strong></span> <span class='ocrx_word' id='word_1_191' title='bbox 309 1980 496 2028; x_wconf 89' lang='lat' dir='ltr'><strong>civibus</strong></span> <span class='ocrx_word' id='word_1_192' title='bbox 542 1982 674 2029; x_wconf 93' lang='lat' dir='ltr'><strong>bello</strong></span> <span class='ocrx_word' id='word_1_193' title='bbox 721 1980 850 2028; x_wconf 88' lang='lat' dir='ltr'><strong>civili</strong></span> <span class='ocrx_word' id='word_1_194' title='bbox 897 1980 1060 2028; x_wconf 89' lang='lat' dir='ltr'><strong>utilior</strong></span> <span class='ocrx_word' id='word_1_195' title='bbox 1103 1981 1528 2029; x_wconf 90' lang='lat' dir='ltr'><strong>videbatur—rem</strong></span> <span class='ocrx_word' id='word_1_196' title='bbox 1575 1982 1825 2043; x_wconf 90' lang='lat' dir='ltr'><strong>publicam</strong></span> 
     </span>
    </p>

    <p class='ocr_par' dir='ltr' id='par_1_4' title="bbox 74 2060 1895 2855">
     <span class='ocr_line' id='line_1_25' title="bbox 74 2060 1825 2122; baseline 0.001 -14"><span class='ocrx_word' id='word_1_197' title='bbox 74 2062 135 2108; x_wconf 87' lang='lat'><strong>38</strong></span> <span class='ocrx_word' id='word_1_198' title='bbox 154 2060 302 2108; x_wconf 92' lang='lat' dir='ltr'><strong>hodie</strong></span> <span class='ocrx_word' id='word_1_199' title='bbox 339 2070 630 2109; x_wconf 87' lang='lat' dir='ltr'><strong>teneremus.</strong></span> <span class='ocrx_word' id='word_1_200' title='bbox 706 2062 848 2122; x_wconf 86' lang='lat' dir='ltr'><strong>Quae</strong></span> <span class='ocrx_word' id='word_1_201' title='bbox 891 2060 1135 2109; x_wconf 88' lang='lat' dir='ltr'><strong>sententia</strong></span> <span class='ocrx_word' id='word_1_202' title='bbox 1175 2060 1215 2108; x_wconf 92' lang='lat' dir='ltr'><strong>si</strong></span> <span class='ocrx_word' id='word_1_203' title='bbox 1252 2061 1496 2120; x_wconf 86' lang='lat' dir='ltr'><strong>valuisset,</strong></span> <span class='ocrx_word' id='word_1_204' title='bbox 1537 2079 1593 2110; x_wconf 90' lang='lat' dir='ltr'><strong>ac</strong></span> <span class='ocrx_word' id='word_1_205' title='bbox 1635 2079 1737 2110; x_wconf 92' lang='lat' dir='ltr'><strong>non</strong></span> <span class='ocrx_word' id='word_1_206' title='bbox 1779 2061 1825 2110; x_wconf 91' lang='lat' dir='ltr'><strong>ei</strong></span> 
     </span>
     <span class='ocr_line' id='line_1_26' title="bbox 151 2139 1890 2205; baseline 0.002 -19"><span class='ocrx_word' id='word_1_207' title='bbox 151 2139 363 2188; x_wconf 84' lang='lat' dir='ltr'><strong>maxime</strong></span> <span class='ocrx_word' id='word_1_208' title='bbox 399 2140 532 2199; x_wconf 89' lang='lat' dir='ltr'><strong>mihi,</strong></span> <span class='ocrx_word' id='word_1_209' title='bbox 560 2156 768 2202; x_wconf 89' lang='lat' dir='ltr'><strong>quorum</strong></span> <span class='ocrx_word' id='word_1_210' title='bbox 806 2157 898 2202; x_wconf 90' lang='lat' dir='ltr'><strong>ego</strong></span> <span class='ocrx_word' id='word_1_211' title='bbox 934 2141 1061 2189; x_wconf 89' lang='lat' dir='ltr'><strong>vitae</strong></span> <span class='ocrx_word' id='word_1_212' title='bbox 1098 2143 1431 2201; x_wconf 89' lang='lat' dir='ltr'><strong>consulebam,</strong></span> <span class='ocrx_word' id='word_1_213' title='bbox 1472 2158 1561 2205; x_wconf 89' lang='lat' dir='ltr'><strong>spe</strong></span> <span class='ocrx_word' id='word_1_214' title='bbox 1595 2142 1827 2191; x_wconf 87' lang='lat' dir='ltr'><strong>victoriae</strong></span> <span class='ocrx_word' id='word_1_215' title='bbox 1850 2168 1890 2198; x_wconf 87' lang='lat'><strong>25</strong></span> 
     </span>
     <span class='ocr_line' id='line_1_27' title="bbox 153 2220 1827 2284; baseline 0.001 -16"><span class='ocrx_word' id='word_1_216' title='bbox 153 2220 266 2268; x_wconf 90' lang='lat' dir='ltr'><strong>elati</strong></span> <span class='ocrx_word' id='word_1_217' title='bbox 291 2220 608 2281; x_wconf 86' lang='lat' dir='ltr'><strong>obstitissent,</strong></span> <span class='ocrx_word' id='word_1_218' title='bbox 638 2230 691 2268; x_wconf 92' lang='lat' dir='ltr'><strong>ut</strong></span> <span class='ocrx_word' id='word_1_219' title='bbox 715 2220 811 2268; x_wconf 90' lang='lat' dir='ltr'><strong>alia</strong></span> <span class='ocrx_word' id='word_1_220' title='bbox 835 2221 1073 2280; x_wconf 92' lang='lat' dir='ltr'><strong>omittam,</strong></span> <span class='ocrx_word' id='word_1_221' title='bbox 1100 2231 1153 2269; x_wconf 90' lang='lat' dir='ltr'><strong>tu</strong></span> <span class='ocrx_word' id='word_1_222' title='bbox 1179 2232 1310 2270; x_wconf 92' lang='lat' dir='ltr'><strong>certe</strong></span> <span class='ocrx_word' id='word_1_223' title='bbox 1342 2239 1612 2284; x_wconf 87' lang='lat' dir='ltr'><strong>numquam</strong></span> <span class='ocrx_word' id='word_1_224' title='bbox 1643 2223 1694 2270; x_wconf 91' lang='lat' dir='ltr'><strong>in</strong></span> <span class='ocrx_word' id='word_1_225' title='bbox 1730 2224 1827 2271; x_wconf 95' lang='lat' dir='ltr'><strong>hoc</strong></span> 
     </span>
     <span class='ocr_line' id='line_1_28' title="bbox 154 2299 1826 2362; baseline 0.003 -16"><span class='ocrx_word' id='word_1_226' title='bbox 154 2299 339 2358; x_wconf 90' lang='lat' dir='ltr'><strong>ordine,</strong></span> <span class='ocrx_word' id='word_1_227' title='bbox 365 2301 443 2348; x_wconf 89' lang='lat' dir='ltr'><strong>vel</strong></span> <span class='ocrx_word' id='word_1_228' title='bbox 466 2299 630 2362; x_wconf 91' lang='lat' dir='ltr'><strong>potius</strong></span> <span class='ocrx_word' id='word_1_229' title='bbox 655 2316 924 2362; x_wconf 90' lang='lat' dir='ltr'><strong>numquam</strong></span> <span class='ocrx_word' id='word_1_230' title='bbox 949 2300 1000 2348; x_wconf 91' lang='lat' dir='ltr'><strong>in</strong></span> <span class='ocrx_word' id='word_1_231' title='bbox 1024 2302 1115 2349; x_wconf 90' lang='lat' dir='ltr'><strong>hac</strong></span> <span class='ocrx_word' id='word_1_232' title='bbox 1139 2303 1258 2350; x_wconf 92' lang='lat' dir='ltr'><strong>urbe</strong></span> <span class='ocrx_word' id='word_1_233' title='bbox 1283 2303 1559 2351; x_wconf 75' lang='lat' dir='ltr'><strong>mansisses,</strong></span> <span class='ocrx_word' id='word_1_234' title='bbox 1620 2306 1688 2351; x_wconf 95' lang='lat' dir='ltr'><strong>At</strong></span> <span class='ocrx_word' id='word_1_235' title='bbox 1710 2320 1826 2351; x_wconf 89' lang='lat' dir='ltr'><strong>vero</strong></span> 
     </span>
     <span class='ocr_line' id='line_1_29' title="bbox 157 2379 1828 2440; baseline 0.002 -13"><span class='ocrx_word' id='word_1_236' title='bbox 157 2381 248 2427; x_wconf 92' lang='lat' dir='ltr'><strong>Cn.</strong></span> <span class='ocrx_word' id='word_1_237' title='bbox 277 2379 484 2440; x_wconf 90' lang='lat' dir='ltr'><strong>Pompei</strong></span> <span class='ocrx_word' id='word_1_238' title='bbox 508 2381 813 2428; x_wconf 89' lang='lat' dir='ltr'><strong>voluntatem</strong></span> <span class='ocrx_word' id='word_1_239' title='bbox 838 2397 868 2427; x_wconf 87' lang='lat' dir='ltr'><strong>a</strong></span> <span class='ocrx_word' id='word_1_240' title='bbox 890 2397 970 2429; x_wconf 91' lang='lat' dir='ltr'><strong>me</strong></span> <span class='ocrx_word' id='word_1_241' title='bbox 994 2381 1240 2431; x_wconf 91' lang='lat' dir='ltr'><strong>alienabat</strong></span> <span class='ocrx_word' id='word_1_242' title='bbox 1265 2383 1420 2431; x_wconf 91' lang='lat' dir='ltr'><strong>oratio</strong></span> <span class='ocrx_word' id='word_1_243' title='bbox 1445 2400 1567 2432; x_wconf 89' lang='lat' dir='ltr'><strong>mea.</strong></span> <span class='ocrx_word' id='word_1_244' title='bbox 1640 2386 1722 2431; x_wconf 88' lang='lat' dir='ltr'><strong>An</strong></span> <span class='ocrx_word' id='word_1_245' title='bbox 1745 2384 1828 2432; x_wconf 94' lang='lat' dir='ltr'><strong>ille</strong></span> 
     </span>
     <span class='ocr_line' id='line_1_30' title="bbox 157 2461 1829 2522; baseline 0.004 -15"><span class='ocrx_word' id='word_1_246' title='bbox 157 2477 455 2522; x_wconf 89' lang='lat' dir='ltr'><strong>quemquam</strong></span> <span class='ocrx_word' id='word_1_247' title='bbox 480 2462 591 2522; x_wconf 87' lang='lat' dir='ltr'><strong>plus</strong></span> <span class='ocrx_word' id='word_1_248' title='bbox 617 2461 822 2510; x_wconf 79' lang='lat' dir='ltr'><strong>dilexit?</strong></span> <span class='ocrx_word' id='word_1_249' title='bbox 857 2478 969 2509; x_wconf 93' lang='lat' dir='ltr'><strong>cum</strong></span> <span class='ocrx_word' id='word_1_250' title='bbox 995 2464 1095 2511; x_wconf 90' lang='lat' dir='ltr'><strong>ullo</strong></span> <span class='ocrx_word' id='word_1_251' title='bbox 1120 2473 1204 2511; x_wconf 89' lang='lat' dir='ltr'><strong>aut</strong></span> <span class='ocrx_word' id='word_1_252' title='bbox 1228 2480 1493 2520; x_wconf 91' lang='lat' dir='ltr'><strong>sermones,</strong></span> <span class='ocrx_word' id='word_1_253' title='bbox 1519 2474 1603 2512; x_wconf 90' lang='lat' dir='ltr'><strong>aut</strong></span> <span class='ocrx_word' id='word_1_254' title='bbox 1626 2464 1829 2513; x_wconf 91' lang='lat' dir='ltr'><strong>consilia</strong></span> 
     </span>
     <span class='ocr_line' id='line_1_31' title="bbox 158 2542 1895 2609; baseline 0.003 -19"><span class='ocrx_word' id='word_1_255' title='bbox 158 2542 366 2590; x_wconf 88' lang='lat' dir='ltr'><strong>contulit</strong></span> <span class='ocrx_word' id='word_1_256' title='bbox 391 2543 620 2605; x_wconf 86' lang='lat' dir='ltr'><strong>saepius?</strong></span> <span class='ocrx_word' id='word_1_257' title='bbox 673 2545 823 2604; x_wconf 82' lang='lat' dir='ltr'><strong>Quod</strong></span> <span class='ocrx_word' id='word_1_258' title='bbox 849 2544 1050 2607; x_wconf 90' lang='lat' dir='ltr'><strong>quidem</strong></span> <span class='ocrx_word' id='word_1_259' title='bbox 1076 2555 1178 2594; x_wconf 89' lang='lat' dir='ltr'><strong>erat</strong></span> <span class='ocrx_word' id='word_1_260' title='bbox 1203 2563 1450 2609; x_wconf 88' lang='lat' dir='ltr'><strong>magnum,</strong></span> <span class='ocrx_word' id='word_1_261' title='bbox 1476 2547 1539 2596; x_wconf 93' lang='lat' dir='ltr'><strong>de</strong></span> <span class='ocrx_word' id='word_1_262' title='bbox 1564 2563 1756 2594; x_wconf 90' lang='lat' dir='ltr'><strong>summa</strong></span> <span class='ocrx_word' id='word_1_263' title='bbox 1779 2564 1830 2596; x_wconf 91' lang='lat' dir='ltr'><strong>re</strong></span> <span class='ocrx_word' id='word_1_264' title='bbox 1854 2573 1895 2602; x_wconf 89' lang='lat'><strong>30</strong></span> 
     </span>
     <span class='ocr_line' id='line_1_32' title="bbox 158 2624 1831 2690; baseline 0.003 -19"><span class='ocrx_word' id='word_1_265' title='bbox 158 2624 356 2686; x_wconf 90' lang='lat' dir='ltr'><strong>publica</strong></span> <span class='ocrx_word' id='word_1_266' title='bbox 379 2624 709 2672; x_wconf 89' lang='lat' dir='ltr'><strong>dissentientis</strong></span> <span class='ocrx_word' id='word_1_267' title='bbox 733 2625 784 2673; x_wconf 91' lang='lat' dir='ltr'><strong>in</strong></span> <span class='ocrx_word' id='word_1_268' title='bbox 808 2628 982 2674; x_wconf 89' lang='lat' dir='ltr'><strong>eadem</strong></span> <span class='ocrx_word' id='word_1_269' title='bbox 1007 2628 1362 2676; x_wconf 90' lang='lat' dir='ltr'><strong>consuetudine</strong></span> <span class='ocrx_word' id='word_1_270' title='bbox 1380 2627 1621 2676; x_wconf 91' lang='lat' dir='ltr'><strong>amicitiae</strong></span> <span class='ocrx_word' id='word_1_271' title='bbox 1645 2645 1831 2690; x_wconf 89' lang='lat' dir='ltr'><strong>perma-</strong></span> 
     </span>
     <span class='ocr_line' id='line_1_33' title="bbox 161 2706 1831 2769; baseline 0.004 -17"><span class='ocrx_word' id='word_1_272' title='bbox 161 2721 289 2754; x_wconf 90' lang='lat' dir='ltr'><strong>nere.</strong></span> <span class='ocrx_word' id='word_1_273' title='bbox 362 2708 484 2767; x_wconf 90' lang='lat' dir='ltr'><strong>Ego,</strong></span> <span class='ocrx_word' id='word_1_274' title='bbox 521 2706 639 2766; x_wconf 86' lang='lat' dir='ltr'><strong>quid</strong></span> <span class='ocrx_word' id='word_1_275' title='bbox 672 2706 769 2765; x_wconf 85' lang='lat' dir='ltr'><strong>ille,</strong></span> <span class='ocrx_word' id='word_1_276' title='bbox 807 2716 856 2755; x_wconf 90' lang='lat' dir='ltr'><strong>et</strong></span> <span class='ocrx_word' id='word_1_277' title='bbox 890 2716 1061 2755; x_wconf 90' lang='lat' dir='ltr'><strong>contra</strong></span> <span class='ocrx_word' id='word_1_278' title='bbox 1094 2708 1189 2767; x_wconf 91' lang='lat' dir='ltr'><strong>ille,</strong></span> <span class='ocrx_word' id='word_1_279' title='bbox 1227 2708 1347 2769; x_wconf 88' lang='lat' dir='ltr'><strong>quid</strong></span> <span class='ocrx_word' id='word_1_280' title='bbox 1383 2725 1475 2769; x_wconf 90' lang='lat' dir='ltr'><strong>ego</strong></span> <span class='ocrx_word' id='word_1_281' title='bbox 1512 2708 1742 2756; x_wconf 90' lang='lat' dir='ltr'><strong>sentirem</strong></span> <span class='ocrx_word' id='word_1_282' title='bbox 1782 2717 1831 2758; x_wconf 91' lang='lat' dir='ltr'><strong>et</strong></span> 
     </span>
     <span class='ocr_line' id='line_1_34' title="bbox 163 2787 1831 2855; baseline 0.004 -22"><span class='ocrx_word' id='word_1_283' title='bbox 163 2796 448 2853; x_wconf 89' lang='lat' dir='ltr'><strong>spectarem,</strong></span> <span class='ocrx_word' id='word_1_284' title='bbox 491 2787 701 2835; x_wconf 86' lang='lat' dir='ltr'><strong>videbat.</strong></span> <span class='ocrx_word' id='word_1_285' title='bbox 774 2790 881 2851; x_wconf 87' lang='lat' dir='ltr'><strong>Ego</strong></span> <span class='ocrx_word' id='word_1_286' title='bbox 924 2788 1250 2837; x_wconf 86' lang='lat' dir='ltr'><strong>incolumitati</strong></span> <span class='ocrx_word' id='word_1_287' title='bbox 1290 2788 1468 2837; x_wconf 91' lang='lat' dir='ltr'><strong>civium</strong></span> <span class='ocrx_word' id='word_1_288' title='bbox 1509 2790 1734 2855; x_wconf 82' lang='lat' dir='ltr'><strong>primum,</strong></span> <span class='ocrx_word' id='word_1_289' title='bbox 1778 2799 1831 2846; x_wconf 85' lang='lat' dir='ltr'><strong>ut</strong></span> 
     </span>
    </p>
   </div>
  </div>
 </body>
</html>
