2062 3132
212 137 274 180 42
342 118 482 168 ORA
494 118 615 167 TJO
649 114 1085 164 PHILIPPICA
1125 115 1493 163 SECUNDA.
1559 112 1747 180 [XLVI
1779 132 1798 162 1
1812 133 1831 163 1
1844 130 1868 177 7

210 227 308 276 Sed
334 243 395 275 ex
418 223 636 289 plurimis
662 222 816 283 malis,
845 239 970 285 quae
995 224 1057 270 ab
1083 221 1168 269 illo
1192 220 1260 270 rei
1288 221 1514 284 publicae
1550 230 1662 269 sunt
1696 220 1871 282 inusta,

212 310 310 358 hoc
343 317 509 356 tamen
545 307 663 355 boni
699 315 788 363 est,
828 304 965 366 quod
1001 301 1174 351 didicit
1209 301 1306 350 iam
1347 304 1555 364 populus
1600 304 1871 361 Romanus,

213 397 450 451 quantum
486 386 664 447 cuique
701 385 934 442 crederet,
962 384 1141 445 quibus
1179 398 1230 430 se
1266 382 1606 441 committeret,
1633 398 1663 430 a
1697 382 1874 444 quibus

212 477 417 518 caveret.
491 469 637 514 Haec
683 481 785 513 non
832 462 1054 525 cogitas?
1112 478 1273 524 neque
1319 461 1559 525 intellegis
1605 462 1720 511 satis
1768 479 1875 511 esse

213 550 324 598 viris
371 548 576 597 fortibus
624 545 868 604 didicisse,
919 560 1067 607 quam
1114 542 1177 592 sit
1221 559 1272 592 re
1317 544 1588 606 pulchrum,
1637 543 1878 592 beneficio
1902 568 1922 600 5

212 638 418 692 gratum,
445 629 575 676 fama
597 626 864 689 gloriosum
888 634 1147 688 tyrannum
1172 623 1433 672 occidere?
1477 627 1572 683 An,
1601 639 1716 672 cum
1739 623 1876 672 illum

97 711 188 757 118
212 708 435 757 homines
473 723 576 755 non
617 705 830 764 tulerint,
869 715 918 753 te
960 706 1151 753 ferent?
1221 704 1456 754 Certatim
1497 705 1717 766 posthac,
1758 703 1878 752 mihi

214 790 374 847 crede,
392 787 456 835 ad
473 787 571 834 hoc
589 801 713 848 opus
739 794 955 834 curretur
977 801 1139 847 neque
1165 783 1437 833 occasionis
1463 783 1661 833 tarditas
1685 800 1879 846 exspec-

214 868 406 917 tabitur.

316 949 545 1010 Respice,
585 963 782 1010 quaeso,
820 945 1086 1009 aliquando
1121 962 1226 994 rem
1262 946 1524 1008 publicam,
1564 947 1634 993 M.
1662 944 1878 993 Antoni:
1905 971 1946 992 10

215 1029 392 1092 quibus
430 1038 563 1077 ortus
600 1028 677 1087 siS,
705 1044 807 1075 non
843 1028 1137 1090 quibuscum
1171 1026 1319 1086 vivas,
1347 1026 1631 1075 considera:
1668 1043 1878 1085 mecum,

216 1110 287 1157 uti
322 1111 456 1157 voles
473 1125 487 1167 3
538 1106 644 1156 redi
671 1123 785 1154 cum
820 1123 872 1154 re
907 1106 1106 1168 publica
1140 1105 1190 1152 in
1231 1106 1449 1167 gratiam.
1521 1105 1619 1153 Sed
1651 1105 1714 1152 de
1745 1113 1793 1152 te
1829 1113 1880 1151 tu

214 1190 421 1239 videris:
460 1206 550 1253 ego
576 1190 639 1238 de
664 1205 743 1237 me
768 1189 874 1251 ipse
897 1190 1173 1251 profitebor.
1249 1186 1465 1236 Defendi
1495 1203 1600 1235 rem
1633 1186 1882 1248 publicam

217 1273 524 1328 adulescens,
543 1286 643 1317 non
664 1269 887 1317 deseram
915 1285 1082 1317 senex:
1109 1267 1385 1330 contempsi
1413 1267 1653 1316 Catilinae
1676 1267 1879 1330 gladios,

218 1367 320 1400 non
345 1349 691 1413 pertimescam
716 1358 838 1397 tuOS.
914 1347 1048 1410 Quin
1075 1348 1222 1396 etiam
1248 1364 1424 1411 corpus
1457 1347 1664 1396 libenter
1698 1348 1884 1396 obtule·
1910 1371 1947 1401 15

217 1431 325 1490 rim,
351 1431 391 1478 si
415 1428 767 1492 repraesentari
790 1439 948 1478 morte
979 1446 1092 1478 mea
1125 1430 1322 1478 libertas
1359 1428 1564 1477 civitatis
1600 1436 1794 1490 potest3
1829 1437 1883 1475 ut

218 1513 485 1576 aliquando
519 1512 661 1560 dolor
694 1511 866 1574 populi
902 1510 1120 1559 Romani
1156 1511 1324 1573 pariat,
1354 1512 1490 1573 quod
1524 1510 1623 1558 iam
1658 1509 1742 1558 diu
1778 1526 1884 1571 par-

100 1595 191 1641 119
219 1593 363 1642 turit!
435 1593 632 1640 Etenim
671 1591 711 1639 si
746 1591 928 1639 abhinc
963 1608 1120 1640 annos
1156 1607 1310 1654 prope
1345 1590 1513 1653 viginti
1546 1591 1644 1638 hoc
1684 1589 1794 1652 ipso
1835 1589 1886 1637 in

219 1675 406 1736 templo
455 1672 630 1736 negavi
670 1689 817 1735 posse
864 1682 1073 1722 mortem
1119 1674 1429 1720 immaturam
1477 1688 1583 1720 esse
1628 1671 1884 1730 consulari,

222 1764 406 1817 quanto
441 1753 601 1801 verius
636 1769 770 1801 nunc
806 1755 999 1815 negabo
1035 1752 1170 1802 seni!
1241 1752 1367 1801 Mihi
1407 1768 1536 1812 vero,
1573 1761 1735 1814 patres
1770 1768 1884 1799 con·
1908 1777 1950 1799 20

222 1834 403 1897 scripti,
441 1833 539 1882 iam
576 1834 724 1883 etiam
759 1835 978 1896 optanda
1018 1850 1149 1882 mors
1191 1843 1277 1892 est,
1316 1835 1574 1896 perfuncto
1614 1833 1760 1880 rebus
1802 1832 1885 1891 eis,

222 1932 343 1978 quas
379 1916 588 1977 adeptus
623 1931 732 1962 sum
769 1930 987 1977 quasque
1021 1913 1159 1977 gessi.
1235 1916 1351 1962 Duo
1386 1914 1538 1961 modo
1575 1913 1698 1961 haec
1735 1921 1888 1974 opto:

224 2013 393 2056 unum,
419 2005 474 2043 ut
498 1994 710 2044 moriens
735 1996 976 2057 populum
1002 1997 1288 2043 Romanum
1310 1993 1520 2042 liberum
1548 1993 1892 2054 relinquam—

225 2078 323 2125 hoc
357 2076 478 2124 mihi
511 2075 667 2123 maius
703 2076 765 2123 ab
802 2075 877 2123 dis
919 2075 1273 2122 immortalibus
1315 2072 1418 2122 dari
1463 2072 1585 2120 nihil
1630 2082 1888 2135 potest—t

227 2157 445 2213 alterum,
485 2165 540 2204 ut
576 2156 644 2204 ita
681 2154 858 2218 cuique
897 2153 1103 2216 eveniat,
1146 2163 1199 2203 ut
1241 2155 1304 2204 de
1350 2169 1401 2202 re
1438 2152 1639 2217 publica
1684 2151 1890 2215 quisque
1914 2176 1953 2208 25

231 2245 484 2284 mereatur.
