2023 3132
139 139 200 169 20
764 121 1169 169 CICERONIS
1540 117 1717 184 [XXII
1744 134 1805 182 53

137 227 304 278 omnia
337 229 620 291 perturbare
656 227 874 290 cupienti
909 244 1131 276 caussam
1168 226 1284 275 belli
1319 236 1490 276 contra
1512 226 1717 289 patriam
1740 227 1811 276 in-

136 306 322 357 ferendi
347 307 537 355 dedisti.
590 306 723 368 Quid
749 307 880 355 enim
905 305 1038 355 aliud
1063 307 1143 354 ille
1169 308 1395 356 dicebat?
1421 323 1567 369 quam
1587 323 1811 355 caussam

139 390 210 439 sui
245 387 600 437 dementissimi
636 388 811 435 consili
847 398 894 436 et
929 387 1044 436 facti
1080 390 1326 449 afferebat,
1365 387 1456 436 nisi
1496 389 1630 450 quod
1671 388 1812 437 inter-

138 469 296 518 cessio
332 471 568 531 neglecta,
606 467 681 516 ius
718 468 1032 517 tribunicium
1070 471 1332 527 sublatum,
1359 467 1750 531 circumscriptus
1784 485 1815 516 a

141 560 313 599 senatu
355 558 482 598 esset
519 548 803 597 Antonius?
894 551 1085 598 Omitto
1128 566 1276 612 quam
1316 551 1439 599 haec
1482 552 1617 610 falsa,
1667 566 1813 612 quarn
1839 574 1858 605 ς

137 629 274 688 levia,
293 629 574 692 praesertim
600 646 712 677 cum
737 629 941 678 omnino
967 632 1099 678 nulla
1122 647 1295 678 caussa
1318 632 1444 678 iusta
1463 630 1692 693 cuiquam
1708 647 1814 679 esse

138 711 292 773 possit
317 719 487 759 contra
510 709 717 772 patriam
743 727 876 758 arma
899 711 1139 774 capiendi.
1214 713 1310 760 Sed
1341 712 1461 760 nihil
1485 713 1549 761 de
1575 713 1814 761 Caesare:

139 793 227 841 tibi
252 802 383 840 certe
408 793 744 840 confitendum
770 802 842 841 est
868 809 1086 841 caussam
1125 792 1526 856 perniciosissimi
1562 792 1678 842 belli
1712 809 1816 855 per-

64 874 123 921 54
140 890 261 922 sona
284 883 368 921 tua
392 873 680 923 constitisse.
755 875 800 923 O
827 874 1057 922 miserum
1083 884 1146 932 te,
1167 874 1207 922 si
1231 876 1354 923 haec
1378 874 1638 938 intellegis!
1675 874 1816 923 mise-

138 955 329 1013 riorem,
357 954 397 1003 si
422 971 523 1003 non
547 954 802 1017 intellegis,
830 956 926 1003 hoc
950 954 1120 1003 litteris
1156 955 1394 1014 mandari,
1420 957 1516 1004 hoc
1551 954 1817 1003 memoriae
1842 980 1882 1002 10

139 1037 294 1099 prodi,
320 1035 462 1084 huius
487 1035 555 1085 rei
579 1053 642 1085 ne
667 1036 1006 1099 posteritatem
1043 1036 1245 1099 quidem
1283 1035 1502 1083 omnium
1541 1037 1816 1083 seculorum

139 1133 374 1180 umquam
399 1116 739 1165 immemorem
765 1119 882 1177 fore,
912 1119 1138 1165 consules
1164 1133 1225 1166 ex
1261 1116 1401 1165 Italia
1432 1119 1657 1178 expulsos
1685 1133 1818 1164 cum-

141 1214 237 1260 que
262 1197 332 1246 eis
367 1199 456 1246 Cn.
486 1197 796 1260 Pompeium,
823 1199 957 1259 quod
996 1197 1170 1260 imperi
1205 1197 1378 1260 populi
1415 1196 1629 1245 Romani
1666 1197 1816 1245 decus

141 1295 198 1325 ac
222 1279 389 1325 lumen
414 1279 517 1337 fuit,
544 1277 705 1326 omnis
731 1277 1015 1336 consularis,
1043 1278 1126 1340 qui
1151 1294 1237 1340 per
1262 1277 1594 1325 valetudinem
1620 1276 1819 1338 exsequi

141 1359 332 1406 cladem
379 1359 512 1406 illam
559 1360 821 1421 fugamque
868 1359 1158 1421 potuissent,
1215 1368 1479 1419 praetores,
1532 1358 1813 1420 praetorios,
1843 1383 1881 1414 15

142 1440 363 1487 tribunos
398 1438 571 1501 plebis,
610 1456 838 1502 magnam
875 1448 1065 1501 partem
1103 1447 1315 1497 senatus,
1355 1454 1554 1486 omnem
1592 1439 1815 1486 subolem

142 1518 423 1576 iuventutis,
448 1535 647 1580 unoque
671 1521 823 1567 verbo
848 1535 950 1566 rem
982 1519 1232 1580 publicam
1268 1520 1522 1580 expulsam
1558 1528 1706 1579 atque
1743 1534 1817 1566 ex-

68 1604 124 1650 55
145 1601 452 1650 terminatam
489 1601 588 1649 suis
624 1601 822 1649 sedibus
844 1604 852 1648 Ξ
924 1602 995 1649 Ut
1020 1600 1162 1662 igitur
1185 1599 1236 1647 in
1260 1599 1526 1648 seminibus
1552 1608 1625 1647 est
1649 1615 1821 1646 caussa

144 1684 370 1730 arborum
407 1691 456 1729 et
492 1681 727 1744 stirpium,
756 1681 825 1728 sic
849 1680 993 1729 huius
1029 1680 1376 1729 luctuosissimi
1411 1681 1526 1729 belli
1562 1697 1731 1729 semen
1766 1690 1820 1728 tu

143 1762 286 1810 fuisti.
379 1762 570 1811 Doletis
611 1762 694 1810 tris
745 1761 982 1810 exercitus
1030 1762 1201 1824 populi
1252 1761 1466 1809 Romani
1512 1761 1822 1810 interfectos:
1846 1787 1889 1808 20

144 1843 385 1892 interfecit
409 1843 665 1891 Antonius.
717 1843 1017 1892 Desideratis
1037 1843 1328 1892 clarissimos
1349 1843 1491 1890 civis:
1515 1860 1601 1892 eos
1626 1859 1823 1905 quoque

145 1924 286 1973 vobis
311 1923 486 1987 eripuit
510 1924 770 1973 Antonius.
842 1924 1122 1972 Auctoritas
1147 1924 1290 1973 huius
1316 1925 1499 1973 ordinis
1524 1925 1702 1972 afflicta
1725 1933 1824 1974 est:

147 2009 314 2057 afflixit
355 2008 611 2058 Antonius.
687 2009 869 2058 Omnia
910 2008 1138 2071 denique,
1178 2026 1304 2071 quae
1340 2019 1513 2072 postea
1547 2008 1826 2057 vidimus-—

149 2090 267 2153 quid
292 2099 455 2138 autem
480 2089 596 2137 mali
620 2106 722 2137 non
747 2090 956 2138 vidimus
972 2089 1103 2138 ?—si
1134 2100 1266 2138 recte
1302 2089 1712 2148 ratiocinabimur,
1739 2089 1823 2136 uni

148 2180 354 2231 accepta
387 2172 650 2219 referemus
687 2171 921 2219 Antonio.
997 2172 1069 2219 Ut
1107 2170 1306 2217 Helena
1346 2168 1586 2228 Troianis,
1625 2170 1695 2217 sic
1734 2168 1826 2217 iste
1851 2191 1892 2224 25

151 2251 262 2298 huic
298 2251 365 2300 rei
400 2252 630 2313 publicae
664 2253 780 2300 belli
818 2268 1002 2311 caussa,
1031 2267 1203 2298 caussa
1230 2249 1380 2313 pestis
1405 2260 1553 2312 atque
1578 2249 1692 2298 exiti
1717 2249 1822 2297 fuit.

153 2331 394 2394 Reliquae
419 2343 578 2394 partes
604 2334 878 2381 tribunatus
903 2331 1111 2394 principi
1132 2331 1325 2380 similes.
1399 2331 1582 2381 Omnia
1606 2330 1823 2393 perfecit,

153 2429 278 2474 quae
325 2423 520 2461 senatus
567 2415 701 2461 salva
740 2430 790 2462 re
828 2413 1026 2476 publica
1066 2429 1128 2461 ne
1170 2412 1271 2460 fieri
1306 2420 1509 2475 possent
1543 2413 1821 2474 perfecerat.

153 2491 305 2541 Cuius
330 2502 496 2540 tamen
523 2494 679 2540 scelus
703 2492 755 2540 in
781 2494 962 2541 scelere
987 2492 1283 2554 cognoscite.

78 2573 136 2620 56
257 2575 454 2621 XXIII.
530 2574 843 2622 Restituebat
878 2575 1058 2622 multos
1088 2573 1412 2621 calamitosos.
1487 2573 1549 2618 In
1573 2571 1642 2619 eis
1668 2570 1825 2633 patrui
1850 2596 1893 2627 30

154 2655 288 2701 nulla
309 2655 510 2702 mentio.
583 2654 632 2702 Si
658 2671 865 2712 severus,
885 2671 972 2702 cur
996 2671 1097 2702 non
1121 2653 1173 2701 in
1199 2653 1360 2702 omnis
1376 2655 1399 2700 ?
1466 2652 1516 2700 Si
1540 2651 1826 2710 misericors,

155 2750 240 2780 cur
264 2750 364 2782 non
388 2734 439 2780 in
465 2735 613 2781 suos?
661 2734 758 2781 Sed
784 2733 958 2782 omitto
983 2743 1182 2781 ceteros.
1242 2731 1484 2780 Licinium
1513 2730 1830 2778 Denticulam

157 2814 219 2862 de
267 2815 374 2863 alea
422 2815 821 2873 condemnatum,
865 2816 1159 2863 collusorem
1198 2829 1355 2874 suum,
1397 2811 1606 2861 restituit
1628 2830 1638 2861 z
1691 2811 1828 2874 quasi
