2023 3132
167 64 227 108 26
793 67 1017 115 CICER
1027 68 1202 118 ONJS
1547 68 1745 136 [XXIX
1772 87 1796 135 7
1808 89 1828 121 1

162 169 337 229 nullos,
366 170 567 219 fortasse
594 183 843 232 servasset,
872 175 1206 226 crudelissime
1238 187 1520 240 persecutus
1550 179 1830 230 trucidaras.

163 248 356 310 Quibus
393 252 539 298 rebus
577 252 725 300 tantis
763 254 942 303 talibus
974 255 1138 318 gestis,
1165 259 1285 319 quid
1319 259 1409 306 fuit
1440 275 1642 309 caussae
1675 261 1835 309 curin

160 328 376 377 Africam
404 332 663 380 Caesarem
689 349 791 381 non
817 350 1085 397 sequerere,
1114 354 1227 385 cum
1256 339 1540 400 praesertim
1574 341 1690 389 belli
1722 358 1835 404 pars

161 418 298 458 tanta
332 414 569 461 restaret?
639 415 815 476 Itaque
851 432 998 477 quem
1028 418 1192 466 locum
1226 420 1361 482 apud
1385 420 1549 482 ipsum
1575 423 1836 471 Caesarem

160 500 272 552 post
310 491 409 539 eius
447 507 508 540 ex
541 494 705 542 Africa
736 494 943 543 reditum
971 497 1262 547 obtinuisti?
1315 516 1415 562 quo
1440 517 1645 549 numero
1670 501 1837 550 fuisti?

161 570 312 620 Cuius
359 581 411 619 tu
463 571 769 635 imperatoris
822 586 1051 637 quaestor
1098 579 1271 637 fueras,
1317 579 1567 628 dictatoris
1608 582 1837 644 magister

160 649 390 711 equitum,
428 651 545 699 belli
580 652 822 717 princeps,
858 657 1156 706 crudelitatis
1193 668 1379 717 auctor,
1412 662 1622 722 praedae
1658 661 1834 721 socius,

159 738 469 790 testamento,
495 740 549 779 ut
575 732 772 782 dicebas
797 735 916 797 ipse,
946 737 1087 799 filius,
1115 741 1389 801 appellatus
1427 756 1478 788 es
1516 742 1577 789 de
1612 742 1834 803 pecunia,

83 811 145 858 '72
167 827 312 872 quam
347 829 436 874 pro
472 814 636 873 domo,
665 832 755 877 pro
790 816 953 876 hortis,
989 834 1078 880 pro
1115 819 1332 868 sectione
1370 822 1597 870 debebas.
1676 822 1837 871 Primo

159 892 455 955 respondisti
489 896 635 956 plane
672 898 924 945 ferociter:
968 907 1029 959 et,
1068 915 1131 947 ne
1168 901 1335 948 omnia
1368 900 1535 950 videar
1570 912 1739 950 contra
1773 912 1835 963 te,

158 990 314 1037 prope
356 978 559 1025 modum
601 995 758 1040 aequa
799 989 848 1027 et
888 981 1015 1028 iusta
1055 982 1267 1031 dicebas.
1341 986 1384 1030 A
1432 1000 1512 1032 me
1556 986 1610 1034 C.
1658 986 1838 1034 Caesar

158 1055 458 1117 pecuniam?
507 1074 591 1105 cur
626 1059 805 1120 potius,
833 1076 982 1122 quarn
1018 1078 1109 1124 ego
1145 1064 1207 1111 ab
1243 1063 1366 1112 illo?
1413 1080 1476 1111 an
1507 1063 1610 1113 sine
1642 1081 1722 1114 me
1757 1065 1838 1113 ille

159 1133 310 1183 vicit?
377 1138 445 1184 At
485 1154 547 1185 ne
589 1138 752 1200 potuit
793 1139 1011 1201 quidem.
1085 1144 1194 1204 Ego
1237 1143 1301 1191 ad
1342 1141 1480 1190 illurn
1523 1143 1640 1192 belli
1681 1142 1838 1191 civilis

159 1233 382 1265 caussam
429 1220 565 1266 attuli
585 1235 599 1278 3
656 1235 746 1282 ego
794 1221 925 1283 leges
974 1221 1272 1284 perniciosas
1319 1223 1513 1286 rogavi3
1567 1241 1657 1287 ego
1705 1241 1839 1272 arma

160 1308 330 1347 contra
389 1301 614 1348 consules
673 1301 1090 1365 imperatoresque
1149 1304 1322 1366 populi
1382 1305 1613 1364 Romani,
1671 1315 1840 1354 contra

160 1389 383 1427 senatum
420 1383 758 1444 populumque
795 1384 1093 1442 Romanum,
1130 1394 1301 1431 contra
1337 1385 1457 1432 deos
1493 1385 1689 1448 patrios,
1716 1403 1839 1434 aras-

160 1475 255 1520 que
297 1468 345 1507 et
386 1461 536 1519 focos,
582 1472 752 1509 contra
793 1463 1000 1524 patriam
1043 1463 1143 1511 tuli.
1234 1466 1369 1511 Num
1411 1464 1504 1512 sibi
1552 1465 1643 1513 soli
1688 1464 1839 1513 vicit?

161 1542 384 1601 Quorum
424 1543 610 1591 facinus
653 1554 725 1592 est
767 1561 1046 1604 commune,
1091 1562 1176 1593 cur
1215 1562 1314 1593 non
1351 1545 1411 1594 sit
1447 1563 1615 1595 eorum
1656 1548 1840 1608 praeda

160 1621 472 1672 communis?
543 1626 627 1672 Ius
664 1627 979 1686 postulabas:
1017 1627 1104 1674 sed
1141 1626 1260 1688 quid
1297 1627 1360 1674 ad
1395 1629 1533 1674 rem?
1604 1629 1720 1674 Plus
1758 1627 1839 1675 ille

84 1699 144 1746 ’73
161 1709 363 1761 poterat.
440 1702 616 1764 Itaque
649 1705 861 1751 excussis
887 1705 981 1751 tuis
1007 1703 1211 1752 vocibus
1237 1713 1284 1752 et
1309 1705 1374 1752 ad
1404 1714 1452 1752 te
1478 1713 1525 1752 et
1557 1705 1619 1753 ad
1645 1705 1840 1768 praedis

161 1789 273 1827 tuos
309 1779 484 1829 milites
521 1781 680 1832 misit:
730 1799 843 1830 cum
882 1793 1087 1845 repente
1123 1800 1152 1831 a
1187 1793 1235 1831 te
1270 1785 1518 1845 praeclara
1554 1783 1637 1831 illa
1676 1785 1842 1833 tabula

161 1862 351 1921 prolata
375 1871 462 1911 est.
539 1863 639 1923 Qui
663 1863 785 1912 risus
810 1865 1068 1912 hominum
1089 1868 1097 1912 l
1132 1873 1320 1912 tantam
1347 1881 1452 1914 esse
1478 1867 1712 1924 tabulam,
1739 1875 1840 1914 tam

161 1941 329 2002 varias,
369 1952 469 1991 tam
507 1947 684 1993 multas
720 1946 1071 2009 possessiones,
1112 1964 1169 1995 ex
1206 1947 1383 2010 quibus
1419 1956 1610 2009 praeter
1649 1957 1840 2010 partem

165 2023 348 2071 Miseni
383 2024 503 2073 nihil
551 2036 653 2075 erat
701 2029 836 2089 quod
872 2029 911 2076 is
959 2027 1043 2089 qui
1091 2027 1453 2076 auctionaretur
1493 2036 1663 2090 posset
1698 2044 1842 2076 suum

163 2103 339 2153 dicere.
413 2107 670 2155 Auctionis
696 2123 812 2156 vero
838 2107 1125 2156 miserabilis
1151 2110 1436 2170 adspectus:
1461 2108 1608 2156 vestis
1635 2108 1842 2171 Pompei

162 2201 264 2233 non
289 2187 442 2235 multa
467 2204 622 2250 eaque
648 2191 930 2253 maculosa3
958 2190 1177 2239 eiusdem
1205 2192 1448 2253 quaedam
1474 2199 1704 2253 argentea
1725 2206 1841 2238 vasa

163 2266 361 2328 collisa3
410 2270 660 2318 sordidata
696 2271 971 2334 mancipia:
1023 2281 1076 2320 ut
1117 2273 1394 2321 doleremus
1433 2272 1698 2335 quicquam
1736 2288 1842 2320 esse

87 2346 149 2393 '74
167 2363 227 2395 ex
250 2347 340 2396 illis
365 2349 594 2412 reliquiis,
622 2353 755 2412 quod
779 2351 944 2400 videre
969 2368 1240 2415 possemus.
1300 2355 1450 2400 Hanc
1476 2362 1639 2401 tamen
1663 2352 1843 2400 auctio-

164 2444 280 2476 nem
303 2430 507 2479 heredes
528 2433 580 2479 L.
601 2431 758 2481 Rubri
779 2435 977 2482 decreto
1000 2435 1223 2482 Caesaris
1247 2433 1612 2496 prohibuerunt.
1656 2435 1844 2481 Haere-

165 2512 250 2558 bat
286 2511 496 2561 nebulo:
533 2529 632 2575 quo
670 2530 722 2562 se
756 2523 977 2575 verteret,
1009 2530 1111 2562 non
1145 2514 1372 2562 habebat.
1448 2513 1580 2575 Quin
1615 2512 1691 2560 his
1726 2511 1844 2575 ipsis

166 2591 468 2654 temporibus
505 2593 641 2642 domi
678 2594 900 2643 Caesaris
935 2611 1190 2657 percussor
1224 2596 1286 2642 ab
1323 2595 1418 2643 isto
1459 2593 1636 2642 missus
1676 2594 1846 2656 depre-

167 2673 347 2721 hensus
373 2673 628 2724 dicebatur
652 2691 758 2724 esse
783 2692 896 2724 eum
930 2675 1042 2725 sica.
1116 2677 1196 2723 De
1232 2691 1330 2736 quo
1369 2676 1549 2722 Caesar
1582 2675 1634 2721 in
1669 2681 1843 2722 senatu

166 2762 335 2816 aperte
359 2754 409 2802 in
433 2764 482 2804 te
505 2755 741 2805 invehens
768 2766 964 2819 questus
990 2765 1075 2804 est.
1127 2753 1454 2803 Proficiscitur
1475 2753 1526 2801 in
1547 2752 1842 2816 Hispaniam

1865 930 1903 951 10

1865 1731 1907 1754 20

1868 2537 1910 2568 30
