2062 3132
122 977 162 998 10

116 2188 156 2218 25

114 2594 157 2624 30

189 116 443 163 XXXVII
471 111 554 180 95]
597 113 870 165 ORATIO
903 112 1342 160 PHILIPPICA
1381 113 1753 161 SECUNDA.
1795 128 1857 175 33

191 240 319 284 vero,
338 225 493 286 .quod
533 225 800 272 dictaturae
836 238 1022 271 nomen
1055 220 1108 269 in
1143 228 1439 283 perpetuom
1476 222 1539 269 de
1573 237 1625 269 re
1659 222 1858 283 publica

190 303 438 352 sustulisti.
511 305 625 364 Quo
650 303 850 365 quidem
873 303 1004 351 facto
1028 311 1220 350 tantum
1245 310 1294 350 te
1318 301 1507 363 cepisse
1531 301 1699 350 odium
1722 302 1858 365 regni

190 386 460 446 videbatur,
497 395 550 434 ut
585 385 689 434 eius
737 401 886 434 omne
931 400 1115 432 nomen
1161 392 1360 446 propter
1394 382 1674 446 proximum
1710 383 1858 432 dicta-

189 467 305 516 toris
330 476 516 515 metum
540 467 746 515 tolleres.
823 465 1106 515 Constituta
1128 480 1203 514 res
1228 463 1428 527 publica
1451 462 1709 514 videbatur
1732 465 1852 524 aliis,
1875 465 1937 512 92

186 547 304 595 mihi
338 563 453 596 vero
488 548 623 596 nullo
658 548 826 606 modo,
865 546 950 609 qui
986 546 1154 595 omnia
1189 555 1238 594 te
1273 547 1575 608 gubernante
1612 546 1860 608 naufragia

188 629 482 676 metuebam.
555 631 690 676 Num
730 644 811 677 me
851 628 996 691 igitur
1035 628 1240 676 fefellit?
1289 636 1373 675 aut
1414 643 1533 675 num
1569 626 1750 675 diutius
1785 628 1857 675 sui

189 707 350 770 potuit
374 707 621 756 dissimilis
647 709 792 757 esse?
861 707 1264 770 Inspectantibus
1293 707 1434 756 vobis
1467 717 1573 756 toto
1610 707 1859 770 Capitolio

188 789 384 837 tabulae
419 791 691 851 figebantur
707 807 722 849 3
758 805 919 851 neque
953 790 1113 836 solum
1146 787 1347 851 singulis
1376 789 1610 836 venibant
1634 787 1860 836 immuni-

187 878 328 928 tates,
344 870 432 918 sed
452 869 598 918 etiam
618 869 813 932 populis
838 869 1075 917 universis
1084 887 1097 929 3
1124 869 1293 917 civitas
1319 886 1420 918 non
1444 869 1541 916 iam
1566 869 1856 932 singillatim,

185 951 273 999 sed
307 949 568 1013 provinciis
604 950 720 998 totis
757 951 977 998 dabatur.
1054 951 1231 1011 Itaque
1266 949 1304 997 si
1341 949 1464 997 haec
1488 959 1704 1007 manent,
1734 966 1859 1011 quae

187 1040 348 1080 stante
382 1047 433 1079 re
467 1030 664 1094 publica
687 1047 888 1079 manere
913 1047 1016 1079 non
1040 1040 1264 1093 possunt,
1291 1030 1568 1093 provincias
1593 1030 1856 1090 universas,

185 1121 348 1173 patres
385 1111 664 1173 conscripti,
702 1110 1011 1173 perdidistis;
1061 1127 1223 1173 neque
1264 1110 1519 1174 vectigalia
1560 1112 1732 1170 solum,
1772 1113 1860 1160 sed

186 1193 333 1241 etiam
369 1192 624 1255 imperium
659 1191 833 1255 populi
870 1191 1086 1240 Romani
1120 1191 1262 1240 huius
1305 1191 1586 1241 domesticis
1627 1192 1859 1241 nundinis

186 1273 496 1322 deminutum
521 1283 606 1322 est.

281 1355 548 1402 XXXVII.
607 1353 711 1402 Ubi
743 1363 816 1402 est
849 1353 1064 1416 septiens
1096 1353 1302 1411 miliens,
1329 1355 1469 1416 quod
1493 1363 1566 1402 est
1590 1353 1640 1401 in
1665 1354 1855 1415 tabulis,
1880 1355 1940 1402 93

185 1450 310 1496 quae
346 1442 459 1482 sunt
494 1435 559 1482 ad
597 1434 756 1496 Opis?
807 1436 1031 1484 funestae
1073 1435 1199 1483 illius
1243 1436 1444 1498 quidem
1480 1435 1733 1498 pecuniae,
1771 1437 1860 1484 sed

185 1524 364 1574 tamen,
409 1531 535 1578 quae
576 1532 681 1575 nos,
727 1516 768 1564 si
811 1516 892 1574 eis,
940 1533 1147 1579 quorum
1190 1526 1305 1576 erat,
1350 1533 1451 1564 non
1491 1518 1789 1578 redderetur,
1831 1534 1861 1565 a

184 1595 375 1645 tributis
425 1607 588 1659 posset
635 1597 899 1645 vindicare.
972 1600 1050 1645 Tu
1092 1608 1258 1646 autem
1292 1597 1727 1660 quadringentiens
1764 1615 1859 1647 ses-

184 1676 395 1736 tertium,
421 1679 557 1740 quod
596 1678 769 1728 Idibus
809 1679 999 1727 Martiis
1038 1679 1264 1737 debuisti,
1305 1696 1520 1742 quonam
1556 1681 1709 1728 modo
1745 1691 1859 1730 ante

182 1760 438 1808 Kalendas
458 1759 638 1823 Aprilis
664 1762 846 1809 debere
872 1761 1076 1810 desisti?
1137 1763 1261 1810 Sunt
1286 1778 1345 1810 ea
1363 1761 1564 1824 quidem
1588 1761 1861 1810 innumera-

182 1839 311 1898 bilia,
350 1856 476 1902 quae
511 1857 540 1888 a
575 1840 669 1889 tuis
707 1842 997 1889 emebantur
1033 1858 1134 1890 non
1170 1841 1410 1891 insciente
1450 1851 1529 1891 te:
1577 1844 1664 1891 sed
1706 1860 1859 1892 unum

183 1922 431 1985 egregium
476 1923 540 1970 de
595 1939 708 1984 rege
754 1922 1005 1981 Deiotaro,
1054 1924 1224 1985 populi
1271 1924 1489 1971 Romani
1546 1923 1856 1986 amicissimo,

184 2004 433 2051 decretum
482 2002 532 2049 in
581 2002 826 2064 Capitolio
874 2004 1052 2050 fixum:
1102 2019 1201 2065 quo
1248 2004 1505 2066 proposito
1550 2020 1699 2052 nemo
1742 2014 1857 2064 erat,

183 2083 267 2146 qui
290 2083 341 2131 in
367 2083 476 2146 ipso
510 2085 679 2132 dolore
710 2083 858 2131 risum
890 2093 1059 2146 posset
1093 2084 1359 2133 continere.
1433 2084 1555 2146 Quis
1593 2085 1725 2133 enim
1762 2087 1858 2134 cui·
1878 2085 1940 2134 94

180 2178 328 2225 quam
362 2161 616 2221 inimicior,
648 2179 797 2225 quam
835 2163 1072 2211 Deiotaro
1108 2164 1325 2212 Caesar?
1367 2179 1525 2225 aeque
1561 2173 1708 2226 atque
1744 2163 1859 2213 huic

182 2242 357 2301 ordini,
394 2252 448 2291 ut
490 2244 718 2305 equestri,
758 2253 811 2291 ut
857 2243 1263 2303 Massiliensibus,
1303 2253 1357 2292 ut
1394 2243 1641 2302 omnibUS‚
1681 2244 1856 2307 quibus

181 2338 285 2370 rem
310 2322 561 2384 publicam
586 2322 758 2385 populi
785 2323 1002 2371 Romani
1035 2340 1198 2371 caram
1233 2340 1338 2372 esse
1375 2323 1629 2372 sentiebat.
1705 2324 1860 2387 Igitur

181 2421 211 2453 a
245 2420 343 2466 quo
379 2403 488 2453 vivo
525 2421 616 2453 nec
651 2421 883 2467 praesens
920 2422 1013 2454 nec
1049 2406 1225 2454 absens
1263 2406 1527 2468 quicquam
1563 2406 1708 2468 aequi
1739 2406 1858 2455 boni

179 2484 471 2548 impetravit,
497 2486 630 2547 apud
655 2496 903 2534 mortuom
928 2488 1085 2533 factus
1112 2495 1184 2533 est
1207 2485 1456 2548 gratiosus.
1524 2487 1858 2549 Compellarat

179 2566 424 2630 hospitem
448 2584 692 2630 praesens,
720 2578 1043 2630 computarat,
1070 2569 1332 2630 pecuniam
1357 2567 1650 2630 impetrarat,
1677 2571 1728 2616 in
1754 2570 1856 2618 eius

183 2648 441 2697 tetrarchia
472 2665 626 2696 unum
659 2665 718 2698 ex
747 2649 948 2697 Graecis
975 2649 1236 2698 comitibus
1261 2650 1359 2698 suis
1385 2652 1662 2709 collocarat,
1689 2653 1858 2700 Arme·

183 2726 312 2776 niam
338 2730 602 2777 abstulerat
627 2746 655 2777 a
681 2740 853 2777 senatu
879 2730 1057 2778 datam.
1132 2731 1277 2778 Haec
1300 2729 1436 2778 vivos
1462 2729 1658 2792 eripuit:
1695 2730 1856 2778 reddit

181 2817 414 2858 mortuos
508 2813 574 2858 At
615 2811 794 2873 quibus
837 2811 1033 2859 verbis?
1085 2813 1238 2860 modo
1285 2828 1498 2876 aequom
1546 2810 1638 2860 sibi
1683 2811 1851 2870 videri,
1874 2813 1934 2861 95
