2023 3132
171 111 295 158 XIV
320 107 406 174 3‘6]
482 108 626 158 ΘΚΑ
638 109 689 155 T
677 109 718 156 I
717 110 761 156 0
805 108 1244 156 PHILIPPICA
1295 110 1668 157 SECUNDA.
1787 126 1844 172 13

170 226 225 266 ut
259 215 491 265 invidiam
526 216 683 274 istam,
712 233 861 279 quam
896 226 949 264 tu
984 216 1035 264 in
1070 233 1151 265 me
1175 216 1246 264 vis
1277 216 1537 277 concitare,
1560 235 1675 265 cum
1699 219 1846 268 laude

170 313 272 345 non
296 313 591 359 comparem.
666 297 802 358 Quid
827 296 958 345 enirn
983 297 1176 346 beatius
1202 298 1309 356 illis,
1337 315 1461 360 quos
1486 308 1538 346 tu
1564 300 1793 361 expulsos
1818 316 1846 348 a

169 387 218 426 te
242 378 497 440 praedicas
523 386 572 425 et
595 378 835 439 relegatos
851 380 874 425 ?
909 378 993 440 qui
1016 379 1155 427 locus
1180 388 1254 427 est
1278 389 1361 427 aut
1387 390 1486 428 tam
1518 381 1738 428 desertus
1763 390 1847 429 aut

169 467 269 506 tam
304 458 602 506 inhumanus
639 457 722 519 qui
757 459 879 516 illos,
908 475 1020 506 cum
1057 461 1362 518 accesserint,
1391 477 1494 508 non
1531 460 1664 508 affari
1700 471 1847 523 atque

125 564 144 593 5
167 547 400 600 appetere
434 538 692 586 videatur?
741 539 823 601 qui
859 539 1083 587 homines
1120 549 1220 587 tam
1255 550 1480 602 agrestes,
1511 540 1595 602 qui
1631 557 1698 599 se,
1735 558 1847 589 cum

169 635 254 667 eos
278 618 603 680 adspexerint,
622 635 724 667 non
744 620 1012 667 maximum
1040 620 1231 681 cepisse
1254 621 1383 669 vitae
1408 622 1617 668 fructum
1642 624 1847 684 putent?

167 716 292 761 quae
311 715 426 747 vero
451 708 552 746 tam
577 698 837 748 immemor
861 700 1134 761 posteritas,
1155 717 1280 762 quae
1300 711 1399 748 tam
1420 701 1636 763 ingratae
1661 701 1847 750 litterae

166 779 482 842 reperientur,
509 796 634 842 quae
662 797 829 828 eorum
854 780 1058 842 gloriam
1085 796 1186 827 non
1211 779 1587 830 immortalitatis
1613 783 1850 831 memoria

166 864 560 924 prosequantur?
627 864 706 909 Tu
732 878 846 910 vero
872 862 1096 910 adscribe
1121 879 1202 910 me
1228 864 1374 910 talem
1401 862 1450 910 in
1476 880 1749 912 numerum.

104 969 144 990 10
267 943 407 991 XIV.
479 943 577 990 Sed
612 959 762 990 unam
798 959 902 990 rem
927 959 1098 991 vereor
1130 959 1195 991 ne
1220 960 1321 991 non
1358 946 1551 1005 probes
1626 944 1675 992 Si
1712 945 1844 993 enim
1865 945 1928 993 34

167 1024 380 1083 fuissem,
406 1040 508 1072 non
534 1025 693 1071 solum
718 1040 895 1085 regem,
923 1024 1010 1071 sed
1041 1040 1246 1086 regnum
1283 1024 1430 1073 etiam
1468 1026 1530 1072 de
1565 1041 1616 1073 re
1651 1025 1850 1087 publica

168 1103 500 1153 sustulissem:
538 1113 600 1163 et,
639 1104 678 1151 si
715 1120 854 1152 meus
891 1104 1026 1152 stilus
1063 1104 1143 1153 ille
1179 1104 1362 1163 fuisset,
1401 1115 1455 1153 ut
1497 1106 1686 1166 dicitur,
1726 1106 1846 1154 mihi

167 1186 326 1245 crede,
373 1201 475 1232 non
518 1186 676 1232 solum
724 1201 878 1232 unum
927 1195 1104 1245 actum,
1151 1187 1237 1233 sed
1279 1195 1435 1234 totam
1477 1188 1692 1235 fabulam
1735 1204 1849 1236 con-

166 1264 403 1313 fecissem.
479 1266 794 1327 Quamquam
822 1265 860 1313 si
886 1265 1093 1314 interfici
1125 1269 1387 1315 Caesarem
1413 1268 1625 1317 voluisse
1661 1269 1847 1317 crimen

105 1373 143 1402 15
168 1356 253 1406 est,
290 1346 418 1404 vide,
459 1363 657 1408 quaeso,
697 1346 898 1406 Antoni,
938 1346 1058 1409 quid
1100 1347 1189 1396 tibi
1230 1350 1444 1396 futurum
1488 1350 1563 1408 sit,
1607 1367 1756 1411 quem
1799 1360 1849 1399 et

168 1430 404 1477 Narbone
439 1429 536 1476 hoc
573 1428 830 1476 consilium
868 1445 981 1476 cum
1018 1429 1268 1478 Trebonio
1308 1430 1499 1491 cepisse
1538 1431 1848 1479 notissimum

167 1519 254 1568 est,
281 1519 330 1558 et
355 1511 419 1558 ob
443 1508 547 1557 eius
573 1509 746 1557 consili
783 1509 1086 1567 societatem,
1114 1527 1226 1558 cum
1264 1511 1616 1560 interficeretur
1653 1514 1846 1572 Caesar,

166 1600 268 1639 tum
294 1599 344 1639 te
368 1608 398 1639 a
416 1590 668 1639 Trebonio
692 1590 904 1639 vidimus
924 1591 1153 1640 sevocari.
1208 1594 1316 1654 Ego
1333 1593 1679 1641 autem—vide
1699 1610 1848 1655 quam

167 1683 331 1722 tecum
368 1689 511 1735 agam
548 1689 650 1720 non
686 1672 1090 1734 inimice—quod
1132 1674 1260 1721 bene
1302 1674 1526 1735 cogitasti
1567 1676 1846 1735 aliquando,

103 1783 144 1804 20
165 1756 346 1803 laudo:
396 1756 531 1817 quod
567 1771 668 1802 non
703 1753 944 1810 indicasti,
983 1753 1159 1816 gratias
1195 1770 1317 1816 ago:
1369 1756 1505 1816 quod
1539 1772 1641 1803 non
1676 1756 1847 1816 fecisti,

167 1837 383 1899 ignosco.
456 1835 628 1882 Virum
653 1850 728 1882 res
753 1833 834 1882 illa
859 1836 1138 1896 quaerebat.
1214 1836 1363 1896 Quod
1390 1836 1429 1884 si
1455 1847 1502 1885 te
1527 1836 1579 1884 in
1610 1837 1845 1885 iudicium
1867 1839 1925 1886 35

168 1918 277 1981 quis
302 1919 515 1966 adducat
538 1926 839 1979 usurpetque
864 1917 985 1965 illud
1012 1917 1318 1977 Cassianum,
1348 1920 1440 1966 cui
1465 1921 1621 1967 bono
1651 1921 1674 1966 f
1677 1922 1844 1979 uerit,

167 2000 296 2056 vide,
322 2015 518 2061 quaeso,
547 2015 610 2047 ne
634 1999 849 2046 haereas.
924 1999 1239 2060 Quamquam
1276 1999 1397 2048 illud
1433 2000 1535 2061 fuit,
1567 2010 1620 2048 ut
1649 2001 1848 2049 dicebas

169 2081 383 2144 quidem,
424 2079 652 2128 omnibus
694 2081 843 2136 bono,
888 2080 973 2142 qui
1015 2081 1191 2128 servire
1233 2083 1496 2130 nolebant:
1552 2083 1639 2130 tibi
1682 2092 1849 2131 tamen

105 2187 145 2218 25
169 2163 446 2224 praecipue,
473 2161 557 2223 qui
592 2177 690 2209 non
729 2161 883 2209 modo
919 2177 1021 2209 non
1047 2162 1209 2221 servis,
1239 2163 1325 2210 sed
1350 2161 1498 2210 etiam
1522 2179 1694 2225 regnas
1714 2182 1728 2224 3
1765 2163 1850 2225 qui

170 2241 385 2290 maximo
420 2251 469 2290 te
504 2258 615 2289 aere
651 2241 812 2290 alieno
850 2243 914 2290 ad
950 2243 1126 2290 aedem
1164 2242 1287 2305 Opis
1323 2242 1617 2303 liberavisti3
1655 2244 1737 2306 qui
1761 2262 1850 2306 per

171 2323 370 2372 easdem
412 2323 603 2369 tabulas
644 2321 1052 2370 innumerabilem
1095 2322 1358 2384 pecuniam
1402 2323 1700 2386 dissipavisti
1720 2343 1733 2384 3
1784 2327 1848 2373 ad

170 2419 318 2464 quem
344 2418 371 2450 e
396 2403 548 2450 domo
575 2401 798 2450 Caesaris
835 2411 936 2449 tam
973 2404 1126 2450 multa
1161 2404 1324 2451 delata
1360 2414 1501 2465 sunt,
1538 2405 1676 2452 cuius
1713 2406 1849 2454 domi

170 2482 604 2546 quaestuosissima
644 2492 718 2531 est
757 2484 988 2531 falsorum
1030 2484 1493 2532 commentariorum
1531 2495 1578 2534 et
1613 2486 1851 2548 chirogra-

106 2591 149 2623 30
169 2566 381 2628 phorum
415 2564 626 2621 officina,
663 2579 902 2625 agrorum,
937 2563 1247 2625 oppidorum,
1274 2564 1672 2624 immunitatium,
1698 2565 1846 2614 vecti-

170 2643 352 2706 galium
387 2643 791 2705 flagitiosissimae
826 2643 1092 2691 nundinae.
1168 2643 1365 2691 Etenim
1390 2660 1518 2705 quae
1542 2661 1617 2692 res
1643 2644 1845 2707 egestati
1863 2645 1926 2693 36

173 2734 221 2773 et
256 2723 356 2772 aeri
390 2724 550 2772 alieno
586 2734 671 2772 tuo
708 2734 898 2786 praeter
934 2734 1142 2771 mortem
1181 2724 1401 2772 Caesaris
1427 2724 1685 2773 subvenire
1709 2735 1848 2787 potu—

172 2803 328 2853 isset?
397 2804 579 2852 Nescio
604 2804 722 2867 quid
747 2805 1066 2852 conturbatus
1092 2820 1197 2853 esse
1221 2804 1427 2853 videris:
1464 2804 1704 2868 numquid
1738 2808 1846 2853 sub-
