2062 3132
181 100 377 149 XXXV
401 96 487 164 88]
543 99 819 148 ORATIO
864 95 1300 145 PHILIPPICA
1356 94 1723 143 SECUNDA.
1804 93 1862 138 31

184 215 354 255 auctor
386 203 522 268 regni
557 221 703 264 esses,
729 221 858 262 eum,
886 219 1034 266 quem
1068 204 1308 266 collegam
1334 203 1566 262 habebas,
1594 202 1852 250 dominum

184 287 366 335 habere
390 287 542 334 velles
560 303 575 346 3
609 286 742 333 idern
768 294 1048 347 temptares,
1074 283 1196 344 quid
1214 284 1424 345 populus
1452 285 1707 331 Romanus
1732 283 1854 331 ferre

185 374 235 414 et
257 365 359 428 pati
382 373 567 426 posset.
639 368 706 412 At
742 363 890 413 etiam
925 362 1307 411 misericordiam
1345 365 1611 424 captabas:
1647 364 1855 424 supplex
1874 363 1933 409 86

184 455 234 495 te
256 446 321 493 ad
344 446 496 508 pedes
523 444 770 493 abiciebas
787 463 802 505 3
838 443 957 506 quid
990 446 1199 506 petens?
1251 453 1303 491 ut
1328 443 1566 492 servires?
1633 443 1747 492 Tibi
1771 446 1857 491 uni

139 552 160 584 5
182 535 385 590 peteres,
413 525 497 588 qui
533 526 599 574 ita
633 542 663 574 a
693 541 846 588 puero
878 525 1079 584 vixeras,
1106 533 1160 572 ut
1191 523 1357 572 omnia
1381 534 1614 586 paterere,
1640 534 1694 572 ut
1717 524 1857 572 facile

184 607 413 656 servires:
454 623 484 655 a
522 605 666 655 nobis
703 607 990 669 populoque
1030 608 1264 653 Romano
1306 606 1596 654 mandatum
1633 604 1686 653 id
1727 613 1857 653 certe

185 704 287 738 non
323 690 554 737 habebas.
630 690 675 738 O
709 690 1009 750 praeclaram
1042 687 1175 735 illam
1209 686 1542 749 eloquentiam
1567 696 1715 746 tuam,
1744 702 1856 734 cum

185 786 238 820 es
277 772 437 820 nudus
479 771 822 819 contionatus!
896 770 1031 832 Quid
1066 771 1162 818 hoc
1199 769 1424 831 turpius?
1474 769 1595 831 quid
1633 767 1859 816 foedius?

185 850 306 912 quid
341 851 591 912 suppliciis
630 849 858 898 omnibus
895 848 1124 912 dignius?
1196 850 1332 895 Num
1364 858 1631 910 exspectas,
1658 849 1778 896 dum
1810 856 1860 895 te

121 957 161 980 10
183 931 388 979 stimulis
426 932 707 980 fodiamus?
758 932 879 978 haec
916 939 976 989 te,
1007 930 1046 978 si
1081 931 1230 977 ullam
1267 938 1456 992 partem
1489 930 1643 977 habes
1673 945 1858 986 sensus,

184 1013 377 1070 lacerat,
414 1012 538 1060 haec
572 1020 794 1059 cruentat
830 1009 997 1059 oratio.
1070 1012 1267 1068 Vereor,
1306 1025 1368 1058 ne
1408 1008 1698 1056 imminuam
1735 1025 1864 1055 sum-

185 1108 376 1140 morum
411 1091 623 1140 virorum
658 1090 874 1153 gloriam.
951 1091 1129 1138 Dicam
1166 1099 1331 1138 tamen
1364 1089 1534 1137 dolore
1566 1097 1857 1137 commotus.

189 1173 325 1234 Quid
349 1172 612 1234 indignius,
641 1188 790 1234 quam
823 1170 985 1220 vivere
1019 1187 1146 1230 eum,
1175 1171 1258 1233 qui
1292 1169 1579 1233 imposuerit
1615 1169 1859 1228 diadema,

187 1271 300 1302 cum
336 1270 509 1302 omnes
546 1255 788 1302 fateantur
823 1253 926 1302 iure
968 1253 1278 1301 interfectum
1316 1269 1436 1311 esse,
1477 1251 1562 1314 qui
1597 1251 1863 1300 abiecerit?

123 1360 161 1392 15
186 1337 251 1382 At
278 1333 424 1382 etiam
449 1332 659 1383 adscribi
684 1333 822 1382 iussit
846 1334 897 1380 in
921 1333 1056 1381 fastis
1081 1334 1146 1381 ad
1171 1332 1474 1395 Lupercalia,
1505 1333 1566 1381 C.
1604 1330 1860 1390 Caesari,
1883 1331 1943 1378 87

187 1412 466 1464 dictatori
489 1423 798 1476 perpetuo,
829 1415 904 1463 M.
934 1412 1279 1471 Antonium,
1311 1414 1633 1472 consulem,
1661 1412 1864 1476 populi

188 1496 345 1545 iussu
368 1513 606 1559 regnum
631 1495 938 1556 detulisse,
968 1497 1274 1545 Caesarem
1299 1494 1386 1543 uti
1412 1494 1693 1543 noluisse.
1757 1496 1864 1541 Iam

188 1578 286 1626 iam
322 1576 524 1626 minime
561 1577 721 1634 miror,
748 1587 796 1626 te
834 1578 990 1626 otium
1025 1579 1306 1640 perturbare
1322 1593 1336 1635 3
1373 1593 1475 1625 non
1508 1576 1661 1624 modo
1694 1576 1865 1624 urbem

189 1659 366 1717 odisse,
394 1659 482 1707 sed
519 1658 665 1707 etiam
701 1660 862 1706 lucem
880 1675 894 1718 3
931 1675 1043 1706 cum
1080 1657 1420 1721 perditissimis
1456 1659 1727 1706 latronibus
1764 1674 1866 1706 non

123 1766 164 1788 20
188 1742 347 1788 solum
383 1741 446 1788 de
482 1739 575 1798 die,
605 1741 692 1788 sed
729 1739 875 1788 etiam
912 1739 963 1787 in
1000 1739 1132 1788 diem
1168 1738 1342 1788 vivere.
1418 1740 1521 1788 Ubi
1557 1738 1689 1788 enim
1725 1748 1778 1787 tu
1814 1738 1866 1786 in

188 1837 310 1884 pace
346 1820 622 1870 consistes?
670 1821 755 1883 qui
792 1822 930 1870 locus
967 1821 1054 1870 tibi
1091 1821 1142 1868 in
1175 1821 1364 1884 legibus
1395 1831 1443 1870 et
1469 1821 1520 1869 in
1544 1820 1736 1870 iudiciis
1761 1837 1866 1869 esse

189 1912 366 1966 potest,
388 1919 513 1964 quae
538 1912 604 1961 tu,
624 1912 863 1965 quantum
889 1902 940 1950 in
965 1912 1013 1951 te
1038 1902 1141 1961 fuit,
1162 1902 1419 1952 dominatu
1444 1902 1577 1965 regio
1604 1901 1869 1950 sustulisti?

190 1984 380 2032 Ideone
405 1985 459 2031 L.
487 1983 783 2045 Tarquinius
810 1992 1021 2044 exactus,
1052 1985 1132 2047 Sp.
1163 1984 1375 2043 Cassius,
1404 1985 1482 2046 Sp.
1528 1982 1754 2041 Maelius,
1791 1985 1862 2032 M.

192 2063 410 2112 Manlius
447 2063 622 2122 necati,
648 2072 703 2111 ut
738 2063 903 2111 multis
938 2073 1050 2126 post
1087 2063 1262 2112 seculis
1299 2080 1328 2111 a
1366 2065 1435 2111 M.
1467 2062 1699 2123 Antonio,
1733 2062 1868 2125 quod

124 2170 164 2201 25
186 2147 257 2193 fas
283 2161 385 2193 non
411 2155 498 2204 est,
525 2161 608 2193 rex
633 2147 826 2194 Romae
852 2145 1266 2193 constitueretur?

290 2227 497 2273 XXXV.
571 2227 668 2274 Sed
709 2226 774 2273 ad
817 2225 1035 2287 auspicia
1076 2226 1336 2273 redeamus
1381 2225 1444 2273 de
1481 2224 1657 2287 quibus
1696 2223 1866 2272 Idibus
1887 2223 1950 2271 88

193 2305 384 2355 Martiis
408 2305 496 2354 fuit
521 2308 572 2353 in
597 2316 770 2354 senatu
797 2308 979 2356 Caesar
1002 2315 1214 2354 acturus.
1287 2307 1485 2367 Quaero
1501 2324 1515 2367 3
1543 2315 1647 2354 tum
1674 2315 1725 2354 tu
1750 2306 1870 2368 quid

192 2387 408 2451 egisses?
477 2387 759 2436 Audiebam
797 2387 1027 2449 equidem
1061 2396 1110 2437 te
1142 2397 1367 2450 paratum
1396 2387 1603 2447 venisse,
1631 2388 1766 2450 quod
1790 2403 1871 2435 me

191 2469 255 2518 de
295 2468 541 2518 ementitis
582 2467 827 2531 auspiciis,
871 2469 1048 2531 quibus
1089 2478 1256 2517 tamen
1298 2485 1467 2531 parere
1509 2484 1711 2516 necesse
1753 2477 1868 2528 erat,

124 2573 167 2606 30
189 2558 384 2612 putares
431 2566 539 2599 esse
587 2548 846 2598 dicturum.
935 2549 1137 2599 Sustulit
1183 2549 1322 2598 illum
1371 2549 1501 2599 diem
1546 2552 1762 2598 Fortuna
1801 2549 1872 2598 rei

192 2630 430 2694 publicae.
508 2634 642 2681 Num
681 2633 830 2682 etiam
864 2642 1003 2681 tuum
1037 2634 1100 2682 de
1132 2632 1363 2696 auspiciis
1389 2631 1623 2682 iudicium
1648 2631 1870 2682 interitus

196 2711 418 2761 Caesaris
454 2712 684 2762 sustulit?
753 2715 850 2762 Sed
885 2713 1035 2762 incidi
1068 2712 1120 2762 in
1143 2713 1194 2763 id
1220 2723 1429 2777 tempus,
1456 2714 1591 2777 quod
1616 2713 1684 2762 eis
1709 2714 1867 2771 rebus,

193 2791 244 2840 in
278 2809 400 2856 quas
432 2793 648 2858 ingressa
684 2804 785 2845 erat
815 2795 983 2856 oratio,
1010 2796 1416 2859 praevertendum
1451 2804 1535 2845 est.
1611 2795 1750 2856 Quae
1789 2803 1871 2842 tua
