2023 3132
185 93 361 168 XXII·
370 89 452 158 53]
529 91 803 140 ORATIO
848 91 1288 140 PHILIPPICA
1337 92 1711 140 SECUNDA.
1789 108 1848 154 19

284 203 424 249 XXI.
497 199 722 262 Accipite
758 216 904 258 nunc,
931 215 1129 262 quaeso,
1156 217 1258 249 non
1295 217 1367 259 ea,
1394 217 1522 262 quae
1556 201 1663 263 ipse
1699 201 1749 249 in
1785 218 1852 260 se,

183 291 331 342 atque
371 281 422 328 in
462 279 789 329 domesticum
831 281 982 327 decus
1022 279 1213 341 impure
1248 289 1298 329 et
1332 282 1729 342 intemperanter,
1766 282 1854 330 sed

182 375 311 421 quae
347 359 398 407 in
435 375 527 407 nos
565 361 880 420 fortunasque
916 370 1121 418 nostras,
1162 360 1213 408 id
1249 370 1322 409 est
1357 361 1407 408 in
1442 362 1716 410 universam
1751 379 1854 411 rem

181 439 444 501 publicam,
470 439 620 501 impie
655 455 714 488 ac
749 439 930 488 nefarie
965 441 1144 488 fecerit.
1219 442 1298 490 Ab
1336 442 1478 490 huius
1514 443 1646 492 enim
1675 445 1855 492 scelere

136 545 156 576 5
180 521 404 568 omnium
438 522 677 568 malorum
712 520 1010 582 principium
1035 532 1206 570 natum
1230 523 1492 585 reperietis.
1568 526 1713 582 Nam,
1738 540 1851 571 cum
1873 524 1932 570 51

181 602 236 647 L.
278 601 489 648 Lentulo
532 600 587 648 C.
634 601 872 648 Marcello
908 601 1192 649 consulibus
1232 604 1475 651 Kalendis
1514 603 1752 651 Ianuariis
1791 604 1857 651 la-

179 683 380 731 bentem
416 691 466 730 et
500 697 654 744 prope
690 682 951 730 cadentem
987 698 1089 730 rem
1126 684 1376 745 publicam
1401 684 1569 732 fulcire
1597 686 1854 747 cuperetis,

179 763 370 826 ipsique
406 764 462 813 C.
502 765 716 822 Caesari,
745 763 783 811 si
820 780 938 810 sana
973 773 1140 812 mente
1178 775 1320 823 esset,
1348 767 1602 813 consulere
1638 766 1854 815 velletis:

177 853 283 892 turn
317 843 408 892 iste
441 843 698 891 venditum
733 853 882 905 atque
918 844 1284 905 emancipatum
1311 845 1613 893 tribunatum
1640 846 1853 894 consiliis

116 951 155 972 10
177 924 348 973 vestris
395 924 627 986 opposuit
674 924 986 986 cervicesque
1034 942 1144 973 suas
1192 925 1238 974 ei
1285 926 1492 975 subiecit
1540 928 1707 987 securi,
1758 945 1856 990 qua

177 1005 317 1053 multi
352 1005 620 1053 minoribus
657 1005 706 1053 in
742 1006 955 1068 peccatis
991 1007 1291 1055 occiderunt.
1366 1008 1427 1054 In
1459 1017 1523 1067 te,
1551 1010 1621 1055 M.
1650 1008 1853 1068 Antoni,

177 1087 228 1135 id
253 1086 469 1135 decrevit
493 1096 688 1134 senatus
715 1097 762 1135 et
788 1087 990 1149 quidem
1015 1086 1288 1146 incolumis,
1317 1088 1541 1135 nondum
1570 1099 1642 1136 tot
1666 1088 1856 1136 lumini-

177 1169 269 1215 bus
304 1166 544 1226 extinctis,
583 1168 717 1230 quod
753 1167 805 1214 in
838 1169 1032 1216 hostem
1068 1177 1288 1230 togatum
1324 1168 1523 1216 decerni
1560 1180 1632 1218 est
1658 1170 1855 1218 solitum

177 1264 314 1296 more
347 1248 601 1296 maiorum.
674 1250 737 1296 Et
774 1258 827 1296 tu
864 1249 996 1310 apud
1032 1259 1192 1310 patres
1230 1249 1534 1312 conscriptos
1569 1261 1740 1299 contra
1774 1268 1855 1300 me

113 1356 152 1386 15
177 1331 339 1378 dicere
364 1346 508 1377 ausus
536 1346 601 1387 es,
629 1346 741 1376 curn
767 1332 830 1378 ab
855 1330 950 1377 hoc
987 1329 1159 1378 ordine
1197 1345 1288 1391 ego
1326 1342 1640 1380 conservator
1678 1349 1850 1393 essem,

176 1421 228 1459 tu
253 1411 407 1459 hostis
444 1410 512 1459 rei
548 1411 777 1472 publicae
813 1410 1092 1458 iudicatus?
1163 1413 1584 1461 Commemoratio
1621 1412 1746 1461 illius
1785 1414 1854 1462 tui

176 1491 369 1541 sceleris
407 1491 682 1540 intermissa
719 1501 805 1550 est,
851 1508 953 1539 non
991 1491 1228 1540 memoria
1270 1493 1443 1541 deleta„
1519 1496 1656 1541 Dum
1699 1511 1854 1556 genus

174 1572 446 1630 hominum,
464 1573 584 1620 dum
609 1572 781 1634 populi
808 1571 1022 1620 Romani
1048 1589 1232 1620 nomen
1254 1573 1474 1631 exstabit,
1494 1576 1628 1636 quod
1649 1576 1851 1637 quidem

174 1652 278 1710 erit,
296 1651 336 1700 si
355 1668 441 1714 per
461 1661 509 1700 te
528 1652 707 1710 licebit,
728 1652 1093 1714 sempiternum,
1117 1662 1199 1701 tua
1218 1655 1299 1700 illa
1317 1654 1546 1716 pestifera
1570 1656 1854 1705 intercessio

109 1759 151 1780 20
173 1730 515 1780 nominabitur.
573 1731 709 1792 Quid
729 1732 908 1794 cupide
933 1749 961 1780 a
986 1744 1174 1791 senam,
1197 1733 1315 1795 quid
1340 1745 1524 1783 temere
1548 1737 1711 1795 fiebat,
1739 1754 1851 1785 curn
1872 1739 1930 1785 52

172 1822 226 1861 tu
251 1829 378 1860 unus
403 1813 690 1860 adulescens
716 1813 998 1861 universum
1036 1813 1260 1861 ordinem
1294 1817 1559 1864 decernere
1596 1818 1659 1866 de
1695 1820 1851 1868 salute

171 1892 239 1942 rei
263 1893 488 1955 publicae
513 1892 819 1955 prohibuisti,
848 1909 1009 1955 neque
1034 1896 1200 1952 semel,
1229 1897 1317 1944 sed
1343 1896 1576 1958 saepius?
1611 1914 1774 1960 neque
1797 1909 1850 1948 tu

170 1985 333 2023 tecum
376 1975 439 2023 de
481 1984 678 2022 senatus
713 1974 1001 2023 auctoritate
1036 1975 1114 2037 agi
1150 1991 1322 2037 passus
1359 1979 1447 2025 es?
1517 1977 1652 2039 Quid
1687 1990 1850 2028 autern

169 2057 413 2118 agebatur,
432 2054 524 2102 nisi
540 2071 602 2103 ne
621 2054 769 2102 deleri
795 2064 844 2103 et
863 2054 1012 2103 everti
1036 2072 1138 2104 rem
1164 2057 1414 2117 publicam
1439 2058 1659 2107 funditus
1683 2061 1847 2120 velles,

103 2161 144 2192 25
168 2152 281 2183 cum
305 2145 354 2184 te
378 2151 540 2196 neque
565 2134 812 2197 principes
834 2134 1041 2182 civitatis
1066 2137 1287 2198 rogando
1313 2153 1476 2199 neque
1501 2141 1709 2189 maiores
1729 2151 1848 2190 natu

168 2218 422 2266 monendo
459 2233 620 2278 neque
655 2218 887 2278 frequens
923 2228 1122 2266 senatus
1158 2220 1354 2280 agendo
1387 2221 1450 2268 de
1474 2221 1674 2269 vendita
1698 2233 1847 2285 atque

167 2296 366 2344 addicta
402 2294 647 2344 sententia
682 2312 878 2343 movere
914 2295 1112 2357 potuit?
1183 2299 1312 2344 Turn
1350 2297 1472 2346 illud
1508 2301 1672 2348 multis
1702 2302 1846 2349 rebus

165 2385 282 2424 ante
322 2375 574 2438 temptatis
616 2375 892 2424 necessario
935 2376 1025 2424 tibi
1065 2378 1239 2425 volnus
1286 2377 1527 2426 inflictum
1580 2390 1666 2439 est,
1712 2383 1847 2444 quod

165 2456 332 2520 paucis
358 2467 472 2506 ante
497 2467 559 2515 te,
587 2473 794 2519 quorum
820 2456 1080 2505 incolumis
1106 2458 1195 2505 fuit
1220 2474 1379 2507 nemo.
1442 2463 1574 2508 Turn
1601 2472 1773 2511 contra
1796 2473 1847 2512 te

101 2564 144 2595 30
166 2538 302 2587 dedit
327 2554 461 2587 arma
484 2537 563 2585 hic
588 2539 711 2586 ordo
737 2537 1021 2586 consulibus
1047 2539 1342 2602 reliquisque
1374 2540 1591 2604 imperiis
1616 2553 1664 2592 et
1687 2554 1846 2607 potes-

164 2618 346 2668 tatibus
366 2637 376 2666 :
413 2635 539 2681 quae
563 2635 666 2666 non
691 2618 956 2681 effugisseS,
982 2618 1076 2667 nisi
1101 2629 1149 2668 te
1174 2621 1238 2668 ad
1262 2638 1396 2669 arma
1423 2624 1646 2672 Caesaris
1678 2635 1845 2674 contu-

165 2700 316 2749 lisses.

266 2783 435 2837 XXII.
505 2782 600 2840 Tu,
628 2791 694 2843 tu,
723 2783 936 2845 inquam,
967 2784 1036 2830 M.
1066 2782 1266 2843 Antoni,
1293 2783 1522 2849 princeps
1557 2788 1611 2837 C.
1643 2788 1840 2846 Caesari
1860 2789 1920 2837 53
