2062 3132
176 154 237 199 32
804 132 1213 183 CICERONIS
1537 128 1753 196 [xxxv
1779 132 1842 180 88

172 247 315 306 fuga!
368 259 493 306 quae
529 241 741 291 formido
777 242 1024 304 praeclaro
1059 239 1143 288 illo
1179 239 1289 288 die!
1338 255 1466 301 quae
1501 247 1701 301 propter
1729 255 1843 288 con-

175 322 429 373 scientiam
454 323 690 370 scelerum
717 319 992 382 desperatio
1016 319 1143 367 vitae
1164 322 1173 366 l
1209 335 1323 367 cum
1349 335 1409 367 ex
1433 318 1514 366 illa
1546 320 1672 381 fuga,
1699 320 1846 368 bene·

176 403 289 452 ficio
325 419 509 461 eorum,
547 402 631 464 qui
666 410 729 459 te,
767 400 806 448 si
843 416 989 448 sanus
1028 415 1174 457 esses,
1202 400 1389 447 salvom
1427 415 1534 447 esse
1568 400 1842 458 voluerunt,

96 486 157 534 89
177 485 304 532 clam
338 491 389 531 te
424 483 627 530 domum
659 479 900 542 recepisti.
975 480 1020 528 O
1046 495 1157 528 mea
1179 480 1354 527 frustra
1379 495 1573 541 semper
1595 478 1846 528 verissima

177 562 374 627 auguria
396 578 556 610 rerum
579 562 849 609 futurarum
869 563 879 608 !
949 561 1194 608 Dicebam
1219 559 1311 607 illis
1336 561 1387 607 in
1414 558 1661 621 Capitolio
1685 559 1852 608 libera-
1875 585 1894 615 5

177 644 364 693 toribus
388 641 579 702 nostris,
608 657 721 689 cum
745 656 826 689 me
850 640 913 688 ad
939 649 987 688 te
1011 638 1079 688 ire
1103 641 1297 699 vellent,
1318 649 1372 688 ut
1396 641 1460 688 ad
1484 641 1848 688 defendendam

177 735 279 768 rem
324 718 574 780 publicam
617 726 666 765 te
713 717 1025 765 adhortarer:
1079 717 1245 778 quoad
1291 725 1546 776 metueres,
1591 716 1759 764 omnia
1801 726 1851 766 te

178 798 560 862 promissurum3
597 796 741 844 simul
766 812 823 844 ac
856 795 1026 844 timere
1060 795 1285 854 desisseS,
1313 795 1521 844 similem
1556 805 1604 845 te
1638 797 1851 844 futurum

179 880 262 928 tui.
317 880 506 940 Itaque,
525 893 639 925 cum
658 875 807 925 ceteri
826 877 1105 924 consulares
1130 876 1254 924 irent
1279 876 1508 935 redirent,
1534 876 1585 925 in
1610 878 1853 926 sententia

180 955 368 1004 mansi:
405 970 567 1017 neque
602 963 650 1002 te
684 952 770 1001 illo
805 953 900 1010 die,
928 969 1089 1015 neque
1124 963 1322 1015 postero
1354 953 1455 1002 vidi
1471 973 1484 1014 ;
1521 970 1682 1017 neque
1706 956 1855 1002 ullam
1883 981 1923 1002 10

182 1034 466 1084 societatem
491 1033 690 1097 optimis
717 1034 903 1083 civibus
923 1051 1034 1082 cum
1055 1034 1471 1096 importunissimo
1491 1037 1634 1084 hoste
1659 1037 1856 1084 foedere

179 1118 280 1165 ullo
314 1114 588 1164 confirmari
622 1130 768 1178 posse
803 1113 1002 1163 credidi.
1078 1116 1195 1163 Post
1236 1114 1369 1163 diem
1412 1115 1609 1163 tertium
1649 1115 1762 1164 veni
1802 1115 1854 1163 in

184 1199 359 1247 aedem
384 1195 611 1255 Telluris,
637 1204 686 1244 et
709 1194 909 1258 quidem
934 1194 1129 1255 invitus,
1157 1212 1271 1243 cum
1297 1196 1458 1244 omnis
1495 1198 1656 1245 aditus
1685 1196 1858 1245 armati

105 1279 165 1326 90
188 1278 482 1326 obsiderent.
556 1275 656 1338 Qui
697 1275 788 1324 tibi
829 1274 934 1324 dies
971 1275 1065 1334 ille,
1110 1275 1311 1336 Antoni,
1350 1276 1469 1326 fuit!
1544 1279 1857 1340 Quamquam

186 1437 276 1487 tibi
300 1436 543 1486 invideris.

285 1519 526 1565 XXXVI.
600 1516 700 1578 Qui
724 1525 777 1565 tu
801 1516 885 1576 vir,
915 1516 965 1565 di
988 1516 1291 1566 immortales
1313 1522 1321 1566 l
1362 1526 1411 1566 et
1435 1528 1647 1580 quantus
1673 1518 1861 1579 fuisses,

189 1598 229 1648 si
252 1598 378 1647 illius
405 1598 501 1646 diei
526 1607 743 1646 mentem
770 1614 959 1646 servare
990 1597 1236 1660 potuisses
1258 1601 1266 1646 Ξ
1338 1600 1519 1646 Pacem
1556 1600 1860 1658 haberemus,

191 1698 318 1744 quae
354 1689 455 1729 erat
490 1682 620 1728 facta
651 1695 738 1742 per
770 1678 996 1728 obsidem
1023 1696 1230 1742 puerum
1257 1679 1492 1740 nobilem,
1521 1682 1591 1728 M.
1621 1680 1864 1728 Bambali-

189 1763 297 1812 onis
332 1772 578 1825 nepotem.
655 1762 969 1823 Quamquam
1006 1763 1194 1810 bonum
1230 1771 1280 1810 te
1314 1761 1461 1810 timor
1501 1761 1726 1820 faciebat,
1766 1778 1867 1810 non
1891 1787 1934 1808 20

192 1843 449 1891 diuturnus
474 1840 702 1905 magister
726 1841 877 1890 offici:
903 1841 1182 1904 improbum
1200 1842 1314 1890 fecit
1334 1857 1404 1901 ea,
1423 1857 1564 1903 quae,
1584 1843 1703 1890 dum
1722 1841 1869 1891 timor

191 1926 343 1984 abest,
371 1942 400 1972 a
423 1934 471 1973 te
503 1940 606 1972 non
638 1923 862 1983 discedit,
889 1923 1109 1973 audacia.
1184 1923 1291 1972 Etsi
1327 1933 1447 1982 tum,
1475 1940 1589 1972 cum
1625 1926 1866 1987 optimum

192 2016 241 2055 te
264 2007 518 2068 putabant,
544 2021 625 2053 me
654 2005 856 2067 quidem
889 2004 1221 2064 dissentiente,
1249 2003 1404 2052 funeri
1441 2004 1645 2066 tyranni,
1675 2003 1713 2052 si
1748 2004 1869 2052 illud

116 2087 176 2134 91
196 2088 339 2134 funus
354 2086 457 2144 fuit,
476 2084 845 2134 sceleratissime
865 2083 1124 2147 praefuisti.
1171 2086 1279 2131 Tua
1304 2083 1386 2131 illa
1410 2085 1613 2145 pulchra
1635 2084 1867 2143 laudatio,

195 2176 280 2216 tua
313 2166 575 2226 miseratio,
602 2174 686 2214 tua
720 2164 1026 2214 cohortatio:
1061 2175 1129 2223 tu,
1156 2174 1224 2223 tu,
1250 2166 1466 2227 inquam,
1494 2164 1601 2213 illas
1636 2167 1768 2214 faces
1800 2166 1873 2213 in-
1899 2190 1940 2222 25

197 2248 405 2298 cendisti
440 2257 489 2297 et
525 2263 622 2305 eas,
651 2247 828 2308 quibus
866 2248 1212 2294 semustulatus
1248 2245 1329 2294 ille
1367 2255 1454 2305 est,
1487 2254 1535 2293 et
1572 2262 1668 2306 eas,
1695 2245 1872 2308 quibus

197 2330 398 2378 incensa
438 2330 496 2377 L.
536 2327 741 2376 Bellieni
785 2328 960 2375 domus
1004 2328 1298 2389 deflagravit.
1390 2329 1470 2374 Tu
1513 2326 1621 2375 illos
1664 2326 1874 2390 impetus

200 2409 503 2474 perditorum
529 2408 786 2457 hominum
814 2417 861 2456 et
887 2424 945 2456 ex
970 2407 1183 2455 maxima
1208 2416 1344 2469 parte
1364 2423 1626 2465 servorum,
1644 2423 1766 2470 quos
1786 2422 1875 2454 nos

201 2491 250 2540 vi
273 2505 519 2552 manuque
543 2489 860 2551 reppulimus,
887 2488 936 2536 in
963 2498 1154 2536 nostras
1190 2490 1366 2536 domos
1403 2487 1659 2536 immisisti.
1733 2488 1874 2535 Idem

203 2581 385 2630 tamen,
424 2569 561 2632 quasi
596 2569 794 2632 fuligine
831 2572 1061 2629 abstersa,
1099 2568 1297 2630 reliquis
1334 2568 1506 2617 diebus
1543 2567 1594 2615 in
1632 2566 1879 2630 Capitolio
1903 2591 1945 2622 30

205 2653 454 2715 praeclara
488 2659 683 2698 senatus
721 2651 946 2697 consulta
978 2648 1149 2708 fecisti,
1177 2665 1240 2697 ne
1264 2665 1366 2711 qua
1389 2658 1501 2711 post
1528 2650 1647 2697 Idus
1674 2647 1877 2696 Martias

209 2730 526 2780 immunitatis
559 2731 727 2778 tabula
750 2746 874 2778 neve
900 2729 1036 2777 cuius
1061 2729 1272 2777 benefici
1295 2731 1530 2792 figeretur.
1608 2726 1879 2776 Meministi

209 2810 315 2873 ipse
339 2810 401 2858 de
421 2809 688 2858 exsulibus:
714 2809 819 2869 scis,
840 2810 902 2857 de
922 2809 1227 2859 immunitate
1247 2809 1365 2872 quid
1383 2809 1572 2857 dixeris.
1622 2809 1878 2871 Optimum
