2062 3132
187 118 249 164 34
814 102 1222 151 CICERONIS
1489 100 1758 168 [xxxvrr
1786 117 1845 167 95

186 211 338 259 modo
380 225 481 257 non
526 207 761 271 iniquom.
835 208 964 255 Mira
1000 210 1258 256 verborum
1295 208 1599 270 complexio!
1667 211 1735 257 At
1768 208 1850 259 ille

185 305 718 353 numquam—semper
743 288 874 337 enim
900 289 1093 337 absenti
1117 289 1253 337 adfui
1283 287 1850 350 Deiotaro—quicquam

185 373 290 432 sibi,
325 373 461 435 quod
495 387 586 419 nos
622 387 711 433 pro
746 372 830 419 illo
866 373 1240 434 postularemus,
1279 387 1491 433 aequom
1527 370 1648 418 dixit
1682 370 1845 419 videri.

185 455 470 517 Syngrapha
506 453 694 502 sesterti
736 453 956 502 centiens
1003 471 1089 517 per
1134 455 1334 515 legatos,
1377 451 1505 501 viros
1546 455 1720 513 bonOS,
1762 453 1851 502 sed

183 535 384 583 timidos
420 544 468 582 et
500 533 763 596 imperitos,
792 534 894 582 sine
931 544 1110 595 nostra,
1139 534 1243 583 sine
1278 533 1568 596 reliquorum
1605 535 1853 598 hospitum
1877 561 1896 592 ⁵

183 614 306 678 regis
343 614 584 662 sententia
619 614 748 661 facta
779 613 831 661 in
862 630 1113 677 gynaeceo
1141 624 1243 663 est:
1281 630 1381 676 quo
1406 614 1457 662 in
1481 616 1593 663 loco
1617 614 1853 677 plurimae

181 712 257 744 res
283 693 535 743 venierunt
560 703 608 742 et
632 703 860 742 veneunt.
915 695 1027 756 Qua
1052 711 1111 742 ex
1131 695 1407 757 syngrapha
1424 695 1543 756 quid
1561 694 1624 743 sis
1643 705 1851 756 acturus,

182 777 418 825 meditere
455 791 645 824 censeo.
720 777 832 823 Rex
874 775 1006 824 enim
1048 775 1151 838 ipse
1191 792 1278 823 sua
1317 784 1508 838 sponte,
1547 776 1690 825 nullis
1725 792 1855 824 corn-

182 858 430 907 mentariis
469 857 704 916 Caesaris,
742 857 886 906 simul
922 867 1070 920 atque
1106 858 1293 906 audivit
1327 858 1431 907 eius
1465 857 1728 919 interitum,
1766 874 1856 906 suo

107 941 166 987 96
188 942 346 988 Marte
371 955 446 986 res
471 955 581 987 suas
607 939 920 1001 recuperavit.
976 938 1170 988 Sciebat
1189 941 1340 988 homo
1360 939 1552 1002 sapiens
1572 939 1646 988 ius
1665 956 1857 1002 semper
1883 966 1923 988 10

182 1021 278 1068 hoc
293 1019 452 1080 fuisse,
474 1029 540 1077 ut,
561 1036 686 1082 quae
707 1017 895 1081 tyranni
922 1018 1228 1081 eripuissent,
1248 1036 1319 1079 ea,
1338 1019 1552 1082 tyrannis
1575 1020 1853 1080 interfectis,

183 1100 242 1160 ei,
286 1100 464 1164 quibus
508 1109 675 1163 erepta
715 1109 890 1160 essent,
934 1111 1288 1163 recuperarent.
1375 1104 1538 1150 Nemo
1575 1101 1720 1164 igitur
1755 1103 1857 1152 iure

187 1183 452 1241 consultus,
471 1197 533 1229 ne
559 1181 650 1230 iste
676 1181 894 1244 quidem,
921 1181 1005 1243 qui
1029 1181 1120 1230 tibi
1144 1181 1229 1229 uni
1255 1190 1327 1230 est
1351 1181 1453 1231 iure
1480 1184 1743 1242 consultus,
1770 1200 1859 1245 per

185 1279 333 1325 quem
357 1263 480 1311 haec
505 1261 618 1325 agis,
648 1279 708 1310 ex
732 1261 825 1310 ista
847 1263 1123 1325 syngrapha
1147 1262 1315 1311 deberi
1347 1263 1465 1311 dicit
1489 1280 1580 1326 pro
1605 1263 1673 1312 eis
1698 1265 1855 1323 rebus,

185 1361 312 1408 quae
350 1354 485 1394 erant
521 1355 635 1393 ante
672 1346 999 1408 syngrapham
1025 1354 1351 1407 recuperatae.
1428 1346 1545 1393 Non
1581 1344 1712 1393 enim
1748 1361 1776 1393 a
1811 1355 1859 1394 te
1885 1372 1922 1402 ις

185 1426 316 1486 emit,
345 1427 432 1474 sed
455 1425 604 1489 prius,
631 1442 777 1488 quam
809 1434 861 1473 tu
895 1441 1037 1473 suum
1073 1425 1166 1474 sibi
1201 1426 1452 1484 venderes,
1479 1425 1586 1489 ipse
1621 1428 1854 1490 possedit.

187 1509 278 1556 Ille
302 1506 374 1556 vir
397 1507 508 1555 fuit:
535 1524 626 1556 nos
652 1508 853 1570 quidem
878 1507 1245 1568 contemnendi,
1269 1507 1352 1571 qui
1375 1517 1625 1557 auctorem
1650 1507 1857 1570 odimus,

185 1598 295 1637 acta
320 1588 640 1637 defendimus.

109 1671 170 1717 97
291 1670 592 1717 XXXVIII.
658 1668 791 1730 Quid
818 1685 908 1733 ego
933 1670 997 1718 de
1023 1669 1385 1719 commentariis
1410 1669 1625 1730 infinitis,
1652 1671 1772 1733 quid
1798 1673 1860 1720 de

184 1750 618 1799 innumerabilibus
655 1750 986 1814 chirographis
1021 1753 1229 1814 loquar?
1280 1769 1486 1815 quorum
1522 1752 1669 1801 etiam
1708 1753 1859 1801 imita·
1886 1780 1927 1802 20

186 1841 315 1880 tores
363 1842 488 1892 sunt,
539 1832 623 1894 qui
671 1849 728 1881 ea
775 1842 1029 1896 tamquam
1075 1835 1402 1897 gladiatorum
1449 1834 1640 1884 libellos
1697 1837 1861 1898 palam

187 1913 454 1962 venditent.
551 1916 728 1977 Itaque
774 1914 897 1964 tanti
943 1915 1104 1964 acervi
1150 1932 1466 1964 nummorum
1523 1918 1658 1979 apud
1715 1916 1860 1965 istum

187 2004 546 2056 construuntur,
566 2005 619 2044 ut
644 1994 741 2043 iarn
767 1996 1119 2058 expendantur,
1141 2012 1242 2044 non
1267 2006 1583 2045 numerentur
1606 1998 1856 2060 pecuniae.

187 2079 253 2126 At
294 2093 440 2139 quam
479 2093 628 2125 caeca
665 2076 865 2125 avaritia
908 2081 1010 2126 est!
1082 2079 1255 2140 Nuper
1295 2079 1389 2125 fixa
1429 2079 1598 2126 tabula
1637 2088 1723 2137 est,
1767 2096 1864 2141 qua

190 2157 408 2207 civitates
443 2159 861 2222 locupletissimae
899 2159 1204 2209 Cretensium
1233 2159 1508 2217 liberantur,
1537 2159 1862 2222 statuiturque
1887 2186 1927 2217 25

189 2257 251 2288 ne
287 2250 399 2302 post
437 2243 507 2289 M.
548 2243 752 2289 Brutum
787 2258 877 2304 pro
914 2242 1116 2289 consule
1159 2240 1219 2289 sit
1262 2241 1410 2290 Creta
1449 2240 1714 2303 provincia.
1786 2244 1864 2289 Tu

190 2323 367 2370 mentis
405 2338 455 2370 es
491 2326 736 2385 compos?
784 2332 838 2371 tu
875 2339 976 2371 non
1013 2322 1458 2384 constringendus?
1526 2324 1608 2369 An
1645 2322 1865 2372 Caesaris

191 2403 390 2451 decreto
428 2403 575 2451 Creta
609 2413 720 2465 post
758 2405 827 2451 M.
857 2404 992 2451 Bruti
1030 2405 1287 2452 decessum
1323 2403 1484 2466 potuit
1518 2403 1723 2463 liberari,
1750 2420 1864 2451 cum

193 2482 341 2529 Creta
375 2480 494 2529 nihil
528 2483 593 2531 ad
628 2484 847 2543 Brutum,
877 2484 1088 2532 Caesare
1115 2483 1238 2542 vivo,
1265 2482 1563 2545 pertineret?
1631 2485 1698 2531 At
1721 2483 1864 2531 huius

189 2560 474 2610 venditione
500 2562 695 2622 decreti,
713 2580 775 2612 ne
801 2562 922 2610 nihil
945 2573 1109 2611 actum
1134 2562 1328 2625 putetis,
1348 2562 1651 2625 provinciam
1668 2564 1866 2612 Cretam
1891 2589 1933 2619 30

192 2641 483 2704 perdidistis,
535 2643 753 2693 Omnino
778 2661 927 2693 nemo
951 2643 1095 2692 ullius
1119 2643 1188 2692 rei
1211 2643 1302 2692 fuit
1329 2652 1534 2706 emptor,
1557 2643 1636 2692 cui
1660 2643 1866 2693 defuerit

115 2722 176 2770 98
195 2721 274 2768 hic
309 2722 544 2771 venditor.
620 2726 686 2772 Et
721 2725 783 2773 de
821 2724 1067 2773 exsulibus
1104 2726 1277 2787 legem,
1316 2740 1462 2786 quam
1499 2722 1656 2782 fixisti,
1685 2725 1868 2773 Caesar

195 2801 333 2851 tulit?
379 2803 571 2852 Nullius
596 2803 808 2853 insector
833 2804 1188 2853 calamitatem:
1213 2813 1404 2852 tantum
1430 2819 1628 2866 queror:
1653 2802 1863 2866 primum
