2023 3132
461 502 549 561 M.
624 502 906 561 TULLI
985 502 1490 563 CICERONIS

356 707 814 783 ORATIO
913 707 1597 784 PHILIPPICA

782 906 1176 960 SECUNDA.

242 1165 280 1212 Ι.
354 1164 591 1225 QUONAM
628 1179 740 1212 meo
776 1165 892 1222 fato,
919 1172 1081 1226 patres
1114 1161 1395 1225 conscrIpti,
1421 1162 1523 1210 fieri
1560 1162 1736 1220 dicam,
1762 1171 1816 1210 ut
1843 1162 1869 1208 1

140 1261 289 1293 nemo
326 1246 401 1293 his
439 1246 579 1293 annis
619 1244 790 1307 viginti
829 1245 897 1293 rei
939 1245 1165 1306 publicae
1205 1245 1349 1292 fuerit
1384 1245 1554 1302 hostis,
1593 1244 1677 1306 qui
1715 1260 1818 1292 non

139 1326 322 1373 bellum
358 1326 538 1374 eodem
573 1334 796 1386 tempore
832 1324 952 1371 mihi
989 1341 1190 1386 quoque
1227 1325 1490 1373 indixerit?
1560 1328 1670 1374 Nec
1702 1342 1818 1374 vero

138 1423 339 1455 necesse
376 1415 449 1454 est
472 1421 775 1468 quemquam
802 1422 831 1452 a
855 1422 934 1453 me
960 1405 1203 1453 nominari
1223 1425 1232 1454 :
1269 1406 1525 1454 vobiscum
1549 1405 1640 1469 ipsi
1664 1423 1819 1455 recor-

95 1510 114 1540 5
137 1484 335 1531 damini.
410 1484 536 1531 Mihi
572 1499 845 1545 poenarum
881 1483 949 1531 illi
984 1486 1094 1547 plus
1120 1501 1270 1547 quarn
1296 1495 1521 1548 optarem
1547 1487 1788 1535 dederunt
1804 1503 1818 1545 3

138 1573 186 1613 te
222 1564 383 1623 miror,
422 1564 623 1623 Antoni,
662 1581 872 1626 quorum
908 1566 1038 1613 facta
1073 1565 1276 1625 imitere,
1315 1583 1484 1615 eorum
1522 1567 1678 1615 exitus
1718 1583 1819 1616 non

137 1648 517 1710 perhorrescere.
590 1650 758 1709 Atque
795 1649 890 1696 hoc
926 1647 977 1696 in
1011 1649 1117 1696 aliis
1157 1649 1320 1697 minus
1363 1650 1585 1698 mirabar.
1660 1652 1826 1698 Nemo

137 1726 270 1775 enim
295 1727 491 1776 illorum
517 1726 744 1775 inimicus
770 1728 889 1775 mihi
915 1728 1004 1777 fuit
1029 1731 1329 1778 voluntarius
1350 1750 1359 1779 ε
1398 1747 1571 1779 omnes
1595 1747 1625 1778 a
1648 1747 1728 1779 me
1753 1730 1820 1779 rei

137 1808 366 1870 publicae
397 1825 570 1856 caussa
599 1809 826 1858 lacessiti.
899 1812 977 1857 Tu
1013 1827 1077 1859 ne
1101 1815 1253 1861 verbo
1284 1813 1483 1874 quidem
1517 1813 1742 1872 violatus,
1768 1821 1823 1860 ut

76 1917 115 1938 10
137 1890 371 1939 audacior
393 1907 542 1952 quam
569 1891 794 1949 Catilina,
812 1891 1039 1941 furiosior
1057 1910 1206 1955 quam
1228 1894 1431 1942 Clodius
1446 1893 1677 1952 viderere,
1695 1895 1821 1942 ultro

138 1986 220 2018 me
255 1970 529 2019 maledictis
567 1971 818 2028 lacessisti,
858 1982 1090 2034 tuamque
1127 1990 1156 2020 a
1191 1989 1270 2021 me
1306 1972 1654 2021 alienationem
1689 1989 1822 2020 com-

138 2051 509 2100 mendationem
558 2051 648 2099 tibi
695 2053 758 2100 ad
806 2052 985 2114 impios
1033 2053 1152 2101 civis
1198 2055 1304 2101 fore
1349 2053 1597 2116 putavisti.
1687 2052 1823 2114 Quid
1848 2053 1876 2099 2

139 2136 347 2195 putem?
381 2142 793 2195 contemptumne
819 2136 936 2182 me?
1006 2136 1124 2182 Non
1148 2133 1294 2182 video
1320 2151 1412 2183 nec
1446 2133 1497 2182 in
1522 2135 1622 2183 vita
1654 2151 1748 2183 nec
1771 2135 1823 2183 in

137 2214 289 2278 gratia
313 2231 406 2262 nec
430 2214 481 2262 in
504 2217 649 2263 rebus
675 2214 825 2277 gestis
850 2231 943 2263 nec
967 2215 1018 2262 in
1037 2216 1129 2262 hac
1150 2231 1260 2263 mea
1279 2215 1619 2264 mediocritate
1639 2215 1819 2279 ingeni,

77 2321 114 2350 15
138 2294 259 2357 quid
295 2295 549 2358 despicere
586 2295 741 2358 possit
777 2295 1039 2343 Antonius.
1112 2299 1194 2343 An
1219 2296 1270 2343 in
1296 2306 1468 2344 senatu
1492 2296 1723 2344 facillime
1758 2297 1822 2345 de

140 2392 219 2424 me
238 2376 427 2424 detrahi
452 2393 599 2439 posse
625 2376 870 2425 credidit?
905 2376 989 2439 qui
1015 2377 1138 2425 ordo
1164 2376 1444 2425 clarissimis
1470 2376 1657 2426 civibus
1693 2379 1823 2426 bene

139 2466 305 2519 gestae
327 2456 397 2505 rei
421 2457 649 2520 publicae
674 2456 1013 2505 testimonium
1038 2457 1218 2517 multis,
1246 2457 1366 2505 mihi
1390 2458 1476 2505 uni
1505 2467 1822 2507 conservatae

78 2553 85 2565 ¹
139 2537 289 2586 dedit.
363 2539 443 2584 An
487 2538 739 2585 decertare
781 2553 975 2584 mecum
1017 2537 1170 2585 voluit
1211 2536 1531 2586 contentione
1581 2537 1824 2585 dicendi?

143 2619 260 2665 Hoc
306 2617 508 2679 quidem
556 2626 630 2666 est
678 2618 991 2665 beneficium.
1091 2617 1226 2679 Quid
1273 2617 1404 2665 enim
1450 2617 1657 2680 plenius,
1701 2617 1823 2680 quid

77 2723 118 2745 κο
139 2696 333 2745 uberius
369 2713 519 2759 quam
555 2696 674 2744 mihi
711 2706 758 2744 et
794 2713 883 2759 pro
919 2713 999 2744 me
1037 2705 1085 2745 et
1120 2707 1292 2745 contra
1315 2698 1590 2745 Antonium
1623 2697 1824 2746 dicere?

144 2778 273 2827 Illud
303 2780 558 2840 profecto:
603 2794 704 2826 non
735 2778 1028 2827 existimavit
1054 2778 1128 2826 sui
1154 2777 1393 2827 similibus
1428 2777 1623 2841 probari
1658 2795 1819 2841 posse,
