2062 3132
171 112 233 157 30
798 87 1208 138 CICERONIS
1492 81 1743 149 [XXXIII
1774 85 1833 131 82

166 198 550 265 praerogativae:
587 196 804 260 quiescit.
877 193 1230 244 Renuntiatur:
1266 200 1409 241 tacet.
1484 191 1647 239 Prima
1671 191 1837 239 classis

168 289 398 340 vocatur,
433 277 761 337 renuntiatur3
798 274 992 334 deinde,
1021 274 1088 321 ita
1124 283 1177 321 ut
1210 274 1414 330 adsolet,
1443 271 1696 333 suffragia3
1732 280 1836 319 tum

171 361 387 409 secunda
411 358 577 406 classis
602 366 831 406 vocatur:
869 371 995 418 quae
1022 353 1188 402 omnia
1213 363 1325 401 sunt
1357 351 1498 400 citius
1522 352 1663 410 facta,
1690 367 1837 413 quarn

91 443 151 490 83
170 440 281 490 dixi.
355 441 598 490 Confecto
622 437 820 500 negotio
845 438 1006 485 bonus
1031 435 1307 498 augur—C.
1337 433 1560 482 Laelium
1584 432 1838 481 diceres-

170 521 289 570 alio
314 520 408 569 die
432 519 603 582 inquit.
667 520 712 568 O
738 517 1094 580 impudentiam
1116 516 1438 579 singularem!
1475 513 1608 577 Quid
1625 513 1844 562 videras?
1866 536 1887 568 5

171 600 290 664 quid
314 601 569 648 senseras?
622 598 740 659 quid
772 596 1031 646 audieras?
1081 613 1242 659 neque
1267 596 1400 645 enirn
1425 604 1474 643 te
1499 596 1561 643 de
1586 594 1723 642 caelo
1748 609 1840 640 ser-

170 697 309 730 vasse
335 680 510 738 dixisti,
538 695 630 727 nec
654 679 803 727 hodie
830 678 964 727 dicis.
1027 678 1089 725 Id
1113 677 1255 740 igitur
1280 676 1479 725 obvenit
1498 675 1684 732 vitium,
1708 674 1842 736 quod

173 771 225 809 tu
249 761 346 808 iam
373 759 612 807 Kalendis
637 759 875 807 Ianuariis
908 760 1125 807 futurum
1162 774 1267 806 esse
1301 757 1596 820 provideras,
1624 765 1672 804 et
1706 763 1843 803 tanto

173 852 286 890 ante
310 840 629 903 praedixeras.
706 843 837 903 Ergo
861 841 1059 888 hercule
1085 855 1276 901 magna,
1307 848 1362 886 ut
1386 854 1543 900 spero,
1570 847 1654 886 tua
1679 835 1844 899 potius

175 939 323 985 quam
359 921 429 970 rei
469 921 695 984 publicae
732 921 1010 970 calamitate
1058 921 1319 968 ementitus
1367 936 1418 967 es
1466 918 1683 980 auspicia
1697 936 1712 979 3
1764 919 1847 964 ob-
1874 941 1914 962 10

175 1003 404 1051 strinxisti
426 1003 658 1065 religione
685 1005 924 1066 populum
951 1005 1237 1051 Romanurn
1255 1021 1268 1062 3
1292 1017 1442 1063 augur
1465 999 1646 1062 auguri,
1673 999 1847 1048 consul

175 1084 366 1133 consuli
401 1083 714 1132 obnuntiasti.
788 1085 921 1132 Nolo
958 1085 1108 1146 plura,
1137 1100 1200 1131 ne
1232 1092 1342 1131 acta
1367 1083 1658 1131 Dolabellae
1681 1081 1848 1129 videar

177 1166 468 1213 convellere:
496 1181 622 1227 quae
648 1181 849 1213 necesse
875 1174 947 1212 est
971 1164 1238 1226 aliquando
1258 1164 1322 1212 ad
1341 1172 1563 1212 nostrum
1588 1162 1847 1225 collegium

97 1246 159 1293 84
177 1247 461 1294 deferantur.
535 1246 633 1294 Sed
669 1244 993 1308 arrogantiam
1035 1245 1247 1294 hominis
1289 1244 1700 1306 insolentiamque
1739 1259 1850 1305 cog·

178 1327 379 1374 noscite.
475 1325 639 1386 Quam
688 1325 773 1373 diu
822 1334 874 1373 tu
914 1327 1066 1383 voles,
1109 1324 1311 1373 vitiosus
1353 1326 1525 1373 consul
1566 1323 1850 1372 Dolabella:
1879 1345 1916 1376 15

179 1423 354 1466 rursus,
381 1423 495 1455 cum
519 1408 669 1465 voles,
695 1406 838 1454 salvis
864 1405 1091 1468 auspiciis
1119 1415 1321 1454 creatus,
1395 1404 1444 1454 Si
1469 1405 1590 1453 nihil
1623 1413 1710 1460 est,
1737 1419 1850 1451 cum

179 1503 333 1548 augur
368 1485 437 1534 eis
473 1486 631 1534 verbis
668 1488 874 1543 nuntiat,
913 1487 1091 1548 quibus
1128 1496 1181 1534 tu
1217 1485 1452 1533 nuntiasti
1470 1503 1484 1546 3
1519 1486 1751 1532 confitere
1786 1493 1849 1542 te,

179 1584 290 1615 curn
327 1568 443 1616 alio
480 1567 574 1616 die
599 1567 791 1626 dixeriS‚
819 1567 1036 1615 sobrium
1062 1583 1162 1615 non
1186 1566 1334 1615 fuisse
1355 1585 1364 1614 :
1400 1566 1474 1615 sin
1499 1575 1572 1614 est
1595 1564 1756 1628 aliqua
1778 1564 1851 1611 vis

179 1647 230 1695 in
254 1648 357 1695 istis
381 1648 554 1709 verbis,
584 1665 641 1697 ea
665 1665 790 1710 quae
816 1648 890 1706 sit,
917 1664 1070 1710 augur
1093 1664 1122 1695 a
1146 1649 1333 1710 collega
1355 1646 1561 1709 requiro.

281 1731 519 1777 XXXIV.
592 1730 702 1787 Sed,
742 1746 804 1777 ne
841 1731 964 1777 forte
1001 1746 1060 1777 ex
1095 1729 1260 1777 multis
1296 1731 1442 1777 rebus
1478 1727 1624 1791 gestis
1666 1726 1853 1775 Antoni
1879 1753 1922 1775 20

179 1824 283 1856 rem
306 1825 455 1856 unam
480 1809 859 1870 pulcherrimam
884 1809 1121 1858 transiliat
1147 1809 1314 1869 oratio,
1333 1810 1396 1857 ad
1415 1807 1702 1871 Lupercalia
1723 1807 1854 1856 veni-

179 1905 331 1937 amus.
406 1891 523 1938 Non
547 1889 833 1948 dissimulat,
859 1900 1021 1953 patres
1047 1890 1333 1953 conscripti:
1371 1899 1570 1953 apparet
1595 1905 1701 1938 esse
1724 1903 1855 1937 com-

180 1980 371 2019 motum
381 1989 394 2031 3
432 1971 588 2028 sudat,
614 1973 776 2032 pallet.
853 1971 1122 2032 Quidlibet,
1154 1972 1305 2020 modo
1342 1988 1406 2020 ne
1441 1979 1656 2028 nauseet,
1694 1969 1854 2027 faciat,

183 2052 318 2112 quod
341 2051 389 2098 in
416 2052 608 2113 porticu
635 2051 857 2100 Minucia
879 2053 1005 2100 fecit.
1060 2053 1200 2114 Quae
1224 2061 1387 2113 potest
1412 2067 1517 2099 esse
1542 2049 1854 2112 turpitudinis

182 2139 348 2178 tantae
384 2131 644 2178 defensio?
713 2131 878 2193 Cupio
911 2131 1107 2180 audire:
1146 2141 1199 2179 ut
1223 2131 1433 2189 videam,
1460 2130 1546 2178 ubi
1569 2129 1772 2178 rhetoris
1799 2129 1859 2177 sit
1883 2155 1923 2184 25

104 2209 165 2256 85
187 2217 322 2256 tanta
345 2225 546 2266 merceS,
573 2208 658 2256 ubi
688 2225 889 2271 campus
929 2209 1200 2258 Leontinus
1236 2218 1483 2272 appareat.
1557 2210 1771 2257 Sedebat
1807 2209 1857 2256 in

183 2287 347 2336 rostris
383 2289 571 2351 collega
606 2299 730 2347 tuus,
768 2289 974 2338 amictus
1011 2300 1126 2353 toga
1161 2307 1418 2353 purpurea,
1456 2289 1507 2337 in
1543 2291 1662 2338 sella
1696 2305 1854 2348 aurea,

185 2379 463 2418 coronatus,
537 2370 791 2428 Escendis,
817 2371 1013 2419 accedis
1039 2372 1102 2419 ad
1128 2370 1434 2419 sellam—ita
1460 2386 1564 2419 eras
1590 2372 1856 2432 Lupercus,

185 2460 239 2497 ut
274 2459 324 2498 te
359 2452 612 2499 consulem
651 2467 755 2500 esse
788 2451 1071 2500 meminisse
1097 2451 1600 2500 deberes—diadema
1623 2450 1854 2499 ostendis.

186 2529 410 2578 Gemitus
445 2539 551 2578 toto
586 2532 704 2579 foro.
780 2533 933 2580 Unde
974 2532 1239 2580 diadema?
1292 2548 1394 2579 non
1442 2532 1573 2579 enirn
1614 2531 1859 2579 abiectum
1884 2556 1927 2586 30

185 2612 461 2670 sustuleras,
480 2612 568 2659 sed
587 2613 814 2660 attuleras
835 2613 985 2661 domo
1004 2612 1294 2661 meditatum
1316 2621 1362 2660 et
1388 2611 1659 2674 cogitatum
1683 2613 1851 2660 scelus.

182 2691 266 2753 Tu
281 2689 508 2738 diadema
525 2690 814 2753 imponebas
834 2708 946 2739 curn
965 2692 1198 2754 plangore
1222 2692 1417 2753 populi:
1442 2691 1521 2740 ille
1546 2707 1658 2738 curn
1683 2693 1859 2753 plausu

186 2767 430 2819 reiciebat.
503 2772 581 2818 Tu
624 2786 736 2833 ergo
779 2787 918 2831 unus,
963 2773 1210 2833 scelerate,
1256 2772 1481 2820 inventus
1524 2788 1576 2819 es
1617 2771 1702 2834 qui
1745 2787 1858 2819 curn
