2023 3132
112 953 154 975 10

113 1357 153 1387 15

111 2166 151 2196 25

112 2570 155 2602 30

179 95 287 142 XII
313 90 398 158 30]
469 92 610 142 ΘΚΑ
622 93 705 140 TI
703 91 747 140 0
793 91 1233 139 PHILIPPICA
1284 91 1645 140 SECUNDA.
1791 108 1810 138 1
1824 105 1844 138 1

175 218 414 261 caussam,
431 202 566 264 quod
581 201 841 248 immemor
858 200 1223 257 beneficiorum,
1241 215 1431 247 memor
1454 198 1640 261 patriae
1663 199 1845 248 fuisset.

177 282 351 344 Quid?
401 282 528 330 duos
566 280 1048 330 Servilios—Cascas
1085 279 1261 339 dicam,
1288 296 1353 327 an
1387 280 1569 327 Ahalas
1585 282 1724 328 ?—et
1760 281 1850 328 hos

178 362 467 411 auctoritate
504 377 615 409 mea
652 377 825 409 censes
867 361 1106 409 excitatos
1144 360 1309 422 potius
1352 376 1500 422 quam
1543 360 1741 408 caritate
1780 360 1850 408 rei

177 443 441 506 publicae?
493 445 721 504 Longum
747 450 821 490 est
845 441 1071 503 persequi
1097 450 1285 489 ceteros
1306 462 1315 491 :
1352 441 1503 503 idque
1528 442 1595 489 rei
1622 441 1850 502 publicae

176 525 495 586 praeclarum,
522 523 670 571 fuisse
696 531 796 569 tam
822 524 1017 579 multos,
1038 521 1155 584 ipsis
1179 522 1457 584 gloriosum.

278 607 395 652 XII.
470 607 537 652 At
572 621 720 666 quem
756 604 819 651 ad
855 604 1060 651 modum
1098 619 1177 651 me
1210 603 1481 665 coarguerit
1505 604 1656 651 homo
1681 613 1849 652 acutus
1869 606 1929 652 28

176 683 511 733 recordamini.
602 685 812 732 Caesare
858 683 1127 741 interfecto,
1173 683 1345 745 inquit,
1384 684 1546 731 statim
1594 695 1851 733 cruentum

178 768 274 814 alte
311 767 551 814 extollens
595 768 662 812 M.
706 767 882 812 Brutus
928 764 1195 826 pugionem
1235 764 1526 812 Ciceronem
1562 766 1851 814 nominatim

179 847 467 894 exclamavit
501 855 650 908 atque
686 846 731 895 ei
766 855 1101 908 recuperatam
1137 845 1411 894 libertatem
1453 855 1526 894 est
1572 849 1848 908 gratulatus.

177 928 277 975 Cur
300 925 419 974 mihi
443 926 754 989 potissimum
770 929 792 974 ?
863 925 994 986 Quia
1019 925 1271 974 sciebam?
1340 926 1469 974 Vide
1494 943 1556 974 ne
1580 927 1662 974 illa
1681 944 1853 976 caussa

174 1008 316 1055 fuerit
351 1007 632 1070 appellandi
668 1006 778 1064 mei,
815 1007 963 1068 quod,
995 1021 1107 1053 curn
1143 1022 1246 1054 rem
1281 1005 1508 1068 gessisset
1544 1007 1850 1056 consimilem

174 1090 318 1136 rebus
343 1088 426 1148 eis,
454 1104 575 1149 quas
600 1087 704 1150 ipse
728 1103 986 1149 gesseram,
1014 1103 1093 1134 me
1117 1086 1426 1148 potissimum
1452 1096 1655 1136 testatus
1691 1097 1764 1136 est
1799 1104 1852 1136 se

177 1171 426 1216 aemulum
463 1184 683 1217 mearum
720 1168 938 1215 laudium
976 1167 1227 1216 exstitisse.
1300 1170 1379 1216 Tu
1415 1178 1593 1229 autem,
1627 1170 1846 1218 omnium
1867 1171 1927 1216 29

176 1249 475 1309 stultissime,
511 1266 614 1297 non
650 1249 906 1312 intellegis,
944 1248 997 1306 si,
1036 1248 1086 1297 id
1129 1250 1262 1310 quod
1304 1265 1384 1297 me
1425 1250 1597 1312 arguis,
1639 1250 1851 1299 voluisse

175 1330 378 1379 interfici
422 1333 685 1380 Caesarem
727 1330 913 1378 crimen
955 1329 1028 1387 sit,
1075 1329 1222 1377 etiam
1270 1331 1504 1377 laetatum
1547 1347 1653 1379 esse
1695 1341 1851 1380 morte

177 1412 400 1462 Caesaris
436 1412 621 1461 crimen
659 1413 805 1460 esse?
875 1409 1009 1472 Quid
1045 1410 1178 1458 enim
1214 1411 1415 1458 interest
1450 1411 1575 1459 inter
1603 1428 1850 1460 suasorem

176 1493 291 1541 facti
316 1503 365 1542 et
387 1496 737 1556 probatorem?
771 1502 856 1541 aut
881 1492 999 1555 quid
1024 1494 1179 1551 refert,
1207 1501 1368 1539 utrum
1402 1494 1633 1540 voluerim
1661 1493 1764 1541 fieri
1788 1510 1851 1541 an

175 1566 416 1636 gaudeam
440 1575 660 1622 factum?
730 1574 913 1635 Ecquis
950 1582 1023 1621 est
1059 1572 1202 1635 igitur
1237 1572 1452 1635 exceptis
1490 1573 1557 1621 eis
1594 1575 1677 1635 qui
1714 1574 1852 1621 illurn

174 1671 374 1717 regnare
414 1655 709 1718 gaudebant,
756 1654 839 1716 qui
880 1654 1000 1701 illud
1042 1662 1125 1701 aut
1165 1652 1267 1701 fieri
1308 1655 1516 1702 noluerit
1550 1663 1634 1701 aut
1669 1656 1852 1702 facturn

174 1734 495 1797 improbarit?
565 1737 754 1784 Omnes
792 1751 906 1797 ergo
943 1735 993 1782 in
1029 1737 1187 1797 culpa.
1264 1735 1464 1783 Etenim
1506 1752 1678 1784 omnes
1717 1736 1849 1795 boni,

173 1826 416 1878 quantum
439 1816 490 1864 in
514 1816 633 1878 ipsis
658 1816 762 1875 fuit,
791 1818 1053 1865 Caesarem
1079 1815 1380 1864 occiderunt.
1429 1816 1553 1864 Aliis
1577 1817 1849 1874 consilium,

173 1897 278 1945 aliis
320 1897 528 1955 animus,
574 1897 678 1945 aliis
722 1896 918 1945 occasio
957 1896 1142 1945 defuit:
1191 1898 1417 1944 voluntas
1465 1897 1665 1946 nemini.
1753 1899 1850 1946 Sed
1871 1899 1932 1946 30

175 1988 424 2042 stuporem
467 1979 680 2027 hominis
720 1980 799 2027 vel
840 1978 1001 2027 dicam
1040 1978 1246 2040 pecudis
1281 1978 1532 2027 attendite.
1605 1979 1684 2028 Sic
1719 1979 1852 2028 enim

175 2060 329 2110 dixit:
389 2063 625 2119 Brutus,
676 2077 846 2123 quem
895 2076 1000 2122 ego
1048 2059 1289 2109 honoris
1337 2077 1545 2108 caussa
1591 2060 1849 2119 nomino,

174 2150 478 2190 cruentum
503 2141 820 2203 pugionem
845 2150 1052 2188 tenens
1088 2140 1435 2189 Ciceronem
1473 2141 1852 2191 exclamavit:

175 2237 244 2270 ex
279 2237 393 2283 quo
428 2220 701 2283 intellegi
737 2221 914 2268 debet
951 2236 1077 2267 eum
1116 2220 1416 2268 conscium
1446 2221 1647 2269 fuisse.
1721 2223 1852 2284 Ergo

176 2317 268 2364 ego
309 2303 573 2349 sceleratus
615 2303 836 2363 appellor
876 2317 906 2348 a
947 2310 1009 2359 te,
1051 2317 1199 2362 quem
1239 2310 1291 2348 tu
1329 2300 1630 2363 suspicatum
1665 2301 1853 2363 aliquid

176 2381 464 2445 suspicaris:
501 2382 595 2440 ille,
623 2383 707 2444 qui
732 2382 996 2430 stillantem
1020 2397 1136 2443 prae
1162 2397 1213 2429 se
1245 2381 1511 2444 pugionem
1536 2382 1659 2442 tulit,
1687 2381 1726 2429 is
1750 2399 1779 2429 a
1803 2391 1853 2430 te

174 2461 373 2511 honoris
414 2479 586 2511 caussa
628 2461 943 2510 nominatur?
1026 2464 1178 2509 Esto:
1233 2462 1293 2510 sit
1334 2463 1385 2509 in
1423 2462 1582 2511 verbis
1628 2463 1724 2511 tuis
1770 2463 1851 2511 hic

176 2553 373 2606 stupor:
423 2553 610 2607 quanto
652 2546 703 2591 in
744 2544 887 2592 rebus
931 2542 1285 2604 sententiisque
1330 2542 1523 2591 maior?
1591 2543 1852 2592 Constitue

176 2624 285 2683 hoc,
313 2626 500 2684 consul,
527 2625 822 2687 aliquando:
861 2626 1135 2683 Brutorum,
1164 2626 1220 2674 C.
1250 2625 1406 2683 Cassi,
1435 2626 1525 2674 Cn.
1560 2624 1763 2682 Domiti,
1791 2626 1848 2674 C.

176 2703 411 2761 Treboni,
437 2703 732 2766 reliquorum
769 2719 918 2765 quam
954 2702 1072 2750 velis
1110 2718 1216 2751 esse
1252 2719 1505 2751 caussam:
1542 2703 1728 2751 edormi
1753 2719 1851 2750 cra-

175 2784 356 2847 pulam,
383 2783 599 2846 inquam,
626 2793 675 2832 et
699 2784 883 2832 exhala.
955 2784 1036 2830 An
1059 2781 1189 2830 faces
1215 2781 1555 2830 admovendae
1575 2791 1700 2841 sunt,
1723 2797 1849 2845 quae

1527 2917 1654 2965 3-2
