2023 3132
175 152 232 197 16
800 150 1202 200 CICERONIS
1605 151 1745 218 [XVI
1771 170 1830 214 41

167 258 410 305 heredem.
501 258 562 305 In
621 258 799 305 multas
847 267 1098 319 praeterea
1145 258 1379 320 pecunias
1426 258 1831 309 alienissimorum

167 339 422 386 hominum
461 338 509 386 vi
551 339 718 387 eiectis
755 340 878 387 veris
917 339 1192 396 heredibuS,
1231 348 1482 401 tamquam
1516 340 1657 389 heres
1693 352 1835 401 esset,

89 418 152 464 42
170 419 356 466 invasit.
406 420 721 480 Quamquam
746 420 841 467 hoc
867 418 1079 466 maxime
1104 419 1370 467 admiratus
1396 437 1518 480 sum,
1535 421 1839 471 mentionem

167 509 214 547 te
254 498 578 546 hereditatum
629 514 799 546 ausum
843 514 949 546 esse
992 501 1163 560 facere,
1209 516 1321 548 cum
1362 500 1467 563 ipse
1512 503 1834 552 hereditatem

166 579 314 640 patris
339 595 440 625 non
465 579 662 627 adisses,
1866 607 1885 638 5

270 659 434 705 XVII.
513 660 656 706 Haec
692 667 744 706 ut
780 658 1047 720 colligeres,
1075 661 1225 708 homo
1263 661 1609 721 amentissime,
1635 672 1707 711 tot
1732 662 1837 711 dies

167 738 217 785 in
253 740 410 786 aliena
451 739 566 785 villa
607 739 931 787 declamasti?
981 756 1282 802 quamquam
1325 751 1377 789 tu
1419 742 1633 803 quidem,
1675 753 1728 791 ut
1768 742 1841 792 tui

167 818 523 866 familiarissimi
560 819 798 880 dictitant,
837 820 936 868 vini
974 821 1250 880 exhalandi,
1288 839 1388 870 non
1424 822 1587 886 ingeni
1629 824 1840 873 acuendi

167 915 338 947 caussa
363 900 661 949 declamitas.
734 905 802 949 At
827 918 942 950 vero
967 903 1172 951 adhibes
1209 903 1303 950 ioci
1340 920 1510 951 caussa
1545 904 1842 967 magistrum,

168 980 393 1042 suffragio
420 990 504 1028 tuo
530 989 578 1028 et
604 991 945 1043 compotorum
970 992 1163 1030 tuorum
1187 983 1445 1041 rhetorem,
1463 983 1541 1031 cui
1559 985 1844 1033 concessisti
1870 1012 1910 1034 10

168 1070 222 1107 ut
257 1060 307 1108 in
345 1071 392 1108 te
428 1078 554 1123 quae
590 1064 736 1110 vellet
772 1062 970 1121 diceret,
999 1065 1179 1110 salsum
1206 1063 1407 1111 omnino
1433 1064 1715 1115 hominem:
1755 1067 1843 1114 sed

170 1141 369 1189 materia
394 1142 546 1190 facilis
572 1153 645 1191 est
669 1145 719 1190 in
745 1154 791 1191 te
817 1153 864 1191 et
889 1143 940 1190 in
964 1154 1074 1192 tuos
1101 1145 1231 1192 dicta
1265 1144 1440 1194 dicere.
1514 1146 1642 1194 Vide
1677 1156 1844 1195 autem

169 1224 287 1284 quid
325 1223 511 1271 intersit
545 1223 671 1271 inter
708 1233 757 1271 te
796 1233 844 1272 et
882 1241 1025 1272 avom
1062 1234 1212 1272 tuum.
1289 1227 1380 1274 Ille
1416 1225 1597 1274 sensim
1634 1229 1843 1287 dicebat,

90 1304 151 1351 43
170 1306 304 1366 quod
330 1321 530 1353 caussae
555 1306 842 1367 prodesset,
882 1316 935 1354 tu
955 1306 1132 1353 cursim
1158 1306 1279 1354 dicis
1316 1306 1485 1356 aliena.
1557 1310 1624 1355 At
1659 1318 1845 1370 quanta

169 1404 356 1436 merces
391 1389 573 1436 rhetori
609 1390 725 1437 data
761 1393 862 1436 est!
933 1390 1130 1448 Audite,
1157 1388 1336 1447 audite,
1365 1398 1526 1451 patres
1563 1390 1844 1454 conscripti,
1871 1416 1910 1447 15

169 1479 217 1517 et
241 1470 523 1532 cognoscite
548 1470 616 1517 rei
641 1470 867 1532 publicae
888 1472 1098 1518 volnera.
1147 1473 1263 1519 Duo
1285 1471 1418 1518 milia
1438 1471 1657 1533 iugerum
1678 1472 1843 1535 campi

169 1551 401 1599 Leontini
428 1554 534 1600 Sex.
567 1552 747 1600 Clodio
772 1552 953 1600 rhetori
979 1551 1234 1614 assignasti
1270 1561 1318 1600 et
1354 1552 1556 1614 quidem
1592 1552 1841 1611 immunia,

169 1642 223 1680 ut
246 1634 418 1695 populi
446 1633 659 1680 Romani
685 1642 820 1681 tanta
843 1635 1071 1681 mercede
1096 1632 1215 1680 nihil
1240 1649 1409 1694 sapere
1434 1634 1658 1683 disceres.
1708 1637 1845 1683 Num

170 1713 318 1759 etiam
360 1713 468 1770 hoc,
507 1714 659 1760 homo
703 1712 1043 1771 audacissime,
1083 1730 1143 1761 ex
1182 1713 1402 1761 Caesaris
1444 1714 1845 1763 commentariis?

171 1795 268 1842 Sed
305 1793 466 1842 dicam
503 1796 597 1841 alio
633 1795 744 1842 loco
781 1804 829 1842 et
865 1795 928 1842 de
966 1793 1210 1842 Leontino
1246 1811 1362 1857 agro
1395 1805 1442 1843 et
1468 1797 1530 1844 de
1557 1798 1843 1859 Campano:
1869 1823 1911 1846 ρο

169 1891 292 1936 quos
316 1875 407 1922 iste
431 1891 572 1937 agros
598 1885 791 1936 ereptos
816 1877 883 1923 rei
908 1875 1133 1938 publicae
1160 1876 1447 1938 turpissimis
1482 1878 1844 1939 possessoribus

167 1955 451 2017 inquinavit.
527 1957 634 2003 Iam
672 1958 817 2014 enim,
860 1957 1094 2018 quoniam
1133 1957 1418 2005 criminibus
1460 1958 1562 2006 eius
1599 1959 1715 2006 satis
1751 1975 1845 2007 res-

167 2036 336 2097 pondi,
375 2037 436 2084 de
477 2035 585 2098 ipso
622 2038 940 2084 emendatore
984 2046 1031 2084 et
1075 2047 1348 2085 correctore
1389 2047 1556 2085 nostro
1598 2039 1843 2100 quaedam

170 2116 379 2164 dicenda
415 2127 540 2164 sunt.
632 2119 739 2164 Nec
775 2117 907 2165 enim
944 2117 1109 2165 omnia
1152 2119 1415 2177 effundam,
1457 2128 1525 2176 ut,
1570 2118 1609 2165 si
1651 2119 1843 2181 saepius

170 2198 520 2245 decertandum
568 2197 642 2256 sit,
699 2208 751 2245 ut
799 2198 901 2257 erit,
952 2215 1145 2260 semper
1199 2215 1353 2247 novus
1404 2199 1629 2248 veniam:
1697 2217 1844 2263 quam
1870 2227 1909 2259 25

169 2280 449 2326 facultatem
491 2278 612 2325 mihi
654 2279 918 2327 multitudo
969 2278 1106 2327 istius
1153 2279 1380 2329 vitiorum
1428 2291 1842 2345 peccatorumque

169 2360 378 2422 largitur.

92 2441 156 2487 44
269 2442 466 2488 XVIII.
553 2442 706 2489 Visne
753 2440 897 2504 igitur
943 2452 992 2491 te
1032 2442 1349 2504 inspiciamus
1399 2462 1426 2492 a
1473 2447 1666 2507 puero?
1750 2445 1843 2505 Sic,

172 2515 360 2577 opinor.
433 2519 478 2563 A
503 2517 742 2579 principio
768 2519 1026 2566 ordiamur.
1100 2521 1330 2568 Tenesne
1360 2521 1597 2569 memoria
1630 2532 1848 2584 praetex-

172 2606 328 2644 tatum
365 2606 414 2645 te
451 2598 742 2647 decoxisse?
812 2599 980 2658 Patris,
1009 2600 1214 2661 inquies,
1248 2600 1340 2648 ista
1376 2603 1521 2663 culpa
1556 2611 1642 2650 est.
1715 2604 1846 2652 Con·
1870 2630 1914 2660 30

173 2677 312 2725 cedo.
399 2678 598 2725 Etenim
641 2689 712 2727 est
753 2679 948 2742 pietatis
990 2682 1137 2743 plena
1177 2681 1411 2729 defensio.
1501 2683 1632 2730 Illud
1678 2692 1846 2732 tamen

173 2756 406 2804 audaciae
432 2767 558 2816 tuae,
587 2761 720 2820 quod
747 2760 915 2808 sedisti
939 2761 989 2808 in
1016 2762 1409 2823 quattuordecim
1439 2761 1706 2821 ordinibus,
1732 2780 1846 2812 cum

175 2847 301 2886 esset
337 2839 443 2901 lege
486 2840 669 2887 Roscia
710 2841 1052 2890 decoctoribus
1094 2851 1251 2890 certus
1289 2844 1442 2901 locus,
1480 2845 1701 2905 quamvis
1738 2843 1846 2906 quis
