2062 3132
172 100 344 148 XLVI
374 115 394 145 1
407 114 428 145 1
440 95 488 163 7]
553 96 832 145 ORATIO
865 93 1305 142 PHILIPPICA
1345 93 1717 141 SECUNDA.
1772 108 1831 152 41

175 207 325 267 Quod
344 221 455 253 cum
474 204 632 267 ipsum
652 204 833 250 factum
854 217 941 264 per
961 217 1013 249 se
1027 201 1329 263 praeclarum
1349 208 1421 247 est
1436 208 1583 260 atque
1600 198 1835 257 divinum,

173 294 278 334 tum
302 285 576 348 expositum
601 285 666 333 ad
689 282 986 331 imitandum
1012 290 1085 330 est
1103 298 1118 341 3
1152 278 1438 342 praesertim
1474 294 1589 326 cum
1624 278 1692 325 illi
1728 293 1837 326 eam

171 366 374 430 gloriam
409 363 662 415 consecuti
698 364 808 423 sint,
837 379 963 426 quae
986 362 1066 410 vix
1097 362 1234 410 caelo
1271 360 1384 423 capi
1418 376 1564 421 posse
1599 359 1834 408 videatur.

174 447 279 495 Etsi
314 446 445 496 enim
482 447 595 494 satis
631 445 683 492 in
719 444 829 507 ipsa
855 442 1160 492 conscientia
1183 440 1494 505 pulcherrimi
1519 439 1633 488 facti
1657 442 1839 488 fructus

127 552 147 583 5
170 536 286 587 erat,
327 536 495 574 tamen
529 524 722 574 mortali
758 524 1174 572 immortalitatem
1210 538 1312 571 non
1347 522 1554 570 arbitror
1588 537 1695 570 esse
1727 537 1840 569 con-

171 610 506 658 temnendam.

1899 244 2023 298 f)...-

271 693 425 740 XLV.
499 692 783 739 Recordare
822 689 964 752 igitur
1000 689 1152 747 illum,
1194 690 1265 735 M.
1310 686 1514 746 Antoni,
1559 684 1704 745 diem,
1744 702 1843 748 quo
1869 687 1959 734 115

173 771 464 822 dictaturam
506 772 772 831 sustulisti3
820 787 953 833 pone
993 780 1107 819 ante
1149 771 1319 818 oculos
1360 768 1595 818 laetitiam
1643 778 1841 817 senatus

172 853 442 916 populique
479 851 692 900 Romani
710 869 724 911 3
764 852 931 899 confer
966 867 1080 897 cum
1116 851 1209 897 hac
1245 849 1448 897 immani
1483 849 1841 898 nundinatione

110 961 150 982 10
172 943 256 982 tua
292 943 613 996 tuorumque:
667 942 770 981 tum
809 931 1078 994 intelleges,
1120 939 1358 993 quantum
1402 930 1528 978 inter
1564 932 1751 978 lucrum
1793 940 1842 979 et

173 1016 371 1064 laudem
395 1015 595 1063 intersit.
670 1014 767 1062 Sed
792 1013 1036 1073 nimirum,
1063 1023 1118 1062 ut
1146 1013 1346 1075 quidam
1382 1015 1557 1062 morbo
1593 1013 1758 1075 aliquo
1795 1022 1843 1062 et

174 1113 344 1145 sensus
380 1106 580 1158 stupore
617 1094 907 1144 suavitatem
945 1093 1042 1142 cibi
1078 1111 1179 1142 non
1216 1093 1446 1152 sentiunt,
1476 1093 1544 1142 sic
1576 1093 1841 1153 libidinosi,

173 1177 317 1235 avari,
342 1176 603 1225 facinorosi
625 1193 766 1225 verae
792 1174 951 1224 laudis
987 1185 1232 1238 gustatum
1270 1192 1371 1223 non
1400 1176 1599 1223 habent.
1671 1176 1768 1223 Sed
1803 1174 1844 1222 si

175 1268 223 1308 te
260 1261 365 1306 laus
401 1258 593 1306 allicere
631 1260 697 1306 ad
734 1267 866 1307 recte
903 1259 1184 1305 faciendum
1226 1273 1328 1305 non
1370 1267 1548 1319 potest,
1586 1273 1648 1305 ne
1683 1266 1843 1304 metus

112 1365 150 1396 ις,
174 1339 373 1402 quidem
413 1357 443 1387 a
483 1339 776 1387 foedissimis
819 1338 959 1386 factis
998 1347 1160 1400 potest
1202 1340 1442 1385 avocare?
1513 1336 1703 1385 Iudicia
1743 1352 1844 1384 non

175 1417 364 1466 metuis.
439 1416 488 1465 Si
524 1426 725 1479 propter
765 1415 1113 1472 innocentiam,
1157 1416 1337 1464 laudo:
1381 1414 1455 1462 sin
1493 1424 1695 1477 propter
1730 1413 1843 1471 vim,

176 1516 277 1548 non
312 1498 567 1561 intellegis,
606 1498 691 1561 qui
725 1497 819 1546 isto
856 1498 1009 1545 modo
1048 1496 1228 1545 iudicia
1265 1513 1366 1545 non
1408 1496 1590 1555 timeat,
1635 1495 1679 1544 ei
1726 1495 1846 1557 quid

174 1581 448 1629 timendum
472 1580 567 1628 sit?
638 1581 789 1642 Quod
814 1578 852 1627 si
877 1595 978 1627 non
1003 1578 1181 1627 metuis
1207 1578 1333 1627 viros
1366 1577 1503 1626 fortis
1530 1577 1843 1640 egregiosque
1871 1576 1961 1622 116

176 1660 309 1720 civis,
345 1661 482 1722 quod
516 1677 546 1707 a
580 1675 782 1722 corpore
818 1668 903 1707 tuo
939 1658 1262 1721 prohibentur
1296 1659 1440 1706 armis
1456 1675 1470 1717 3
1523 1657 1592 1706 tui
1625 1666 1688 1715 te,
1725 1655 1846 1703 mihi

112 1767 154 1789 20
178 1742 335 1798 crede,
357 1739 538 1788 diutius
564 1755 664 1787 non
690 1740 859 1786 ferent.
911 1739 1050 1799 Quae
1076 1747 1148 1786 est
1174 1747 1338 1786 autem
1363 1738 1462 1786 vita
1487 1736 1591 1785 dies
1617 1745 1666 1785 et
1690 1734 1848 1784 noctis

176 1819 346 1870 timere
384 1837 413 1868 a
450 1819 583 1868 suis?
654 1818 762 1867 Nisi
803 1835 919 1867 vero
960 1828 1044 1866 aut
1086 1818 1350 1867 maioribus
1397 1819 1549 1866 habes
1596 1816 1846 1866 beneficiis

177 1901 431 1964 obligatos,
470 1917 616 1964 quam
652 1900 734 1948 ille
770 1901 1015 1962 quosdam
1052 1900 1223 1948 habuit
1265 1916 1324 1947 ex
1366 1899 1447 1958 eiS‚
1487 1916 1517 1947 a
1557 1898 1731 1961 quibus
1773 1907 1847 1946 est

176 1982 457 2031 interfectus
474 2000 487 2042 3
524 1991 608 2029 aut
632 1990 685 2029 tu
710 1996 760 2028 es
786 1982 884 2028 ulla
906 1996 958 2028 re
983 1996 1095 2028 cum
1121 1996 1180 2028 eo
1205 1981 1584 2043 comparandus.
1657 1978 1769 2027 Fuit
1793 1978 1845 2026 in

177 2064 263 2113 illo
297 2063 563 2127 ingenium,
601 2063 739 2122 ratio,
778 2062 1028 2120 memoria,
1066 2061 1270 2120 litterae,
1308 2078 1434 2120 cura,
1473 2061 1720 2124 cogitatio,
1747 2059 1850 2109 dili-

114 2171 154 2202 25
177 2144 342 2209 gentia
356 2162 370 2203 3
404 2160 480 2193 res
505 2145 636 2193 bello
660 2152 876 2206 gesserat
901 2142 1125 2205 quamvis
1154 2141 1224 2191 rei
1258 2142 1485 2205 publicae
1521 2140 1845 2199 calamitosas,

179 2234 230 2274 at
264 2233 430 2274 tamen
464 2239 667 2286 magnas
683 2242 697 2284 3
734 2224 916 2271 multos
952 2237 1110 2270 annos
1146 2238 1346 2284 regnare
1379 2221 1643 2270 meditatus
1668 2235 1848 2282 magno

178 2306 346 2353 labore
381 2303 546 2351 multis
582 2302 812 2366 periculis
837 2303 972 2365 quod
997 2302 1233 2366 cogitarat
1259 2303 1484 2351 effecerat
1501 2319 1514 2362 3
1549 2300 1847 2358 muneribus,

180 2385 528 2444 monumentis,
555 2383 828 2448 congiariis,
864 2385 1020 2447 epulis
1055 2383 1424 2432 multitudinem
1458 2382 1734 2445 imperitam
1770 2382 1852 2429 de-

179 2467 411 2516 lenierat:
463 2481 578 2514 suos
615 2464 859 2528 praemiis,
903 2464 1206 2513 adversarios
1245 2463 1534 2512 clementiae
1570 2461 1734 2524 specie
1768 2463 1850 2509 de-

118 2575 160 2606 30
180 2548 410 2597 vinxerat.
486 2546 622 2609 Quid
651 2549 842 2595 multa?
879 2547 1106 2595 attulerat
1137 2545 1235 2594 iam
1260 2545 1440 2594 liberae
1465 2543 1649 2592 civitati
1673 2542 1848 2606 partim

180 2637 329 2686 metu,
355 2626 532 2690 partim
556 2626 791 2690 patientia
815 2628 1224 2675 consuetudinem
1250 2627 1504 2675 serviendi.

1995 2593 2061 2672 ἦ

282 2710 464 2756 XLVI.
538 2710 667 2757 Cum
691 2707 776 2756 illo
802 2724 893 2770 ego
923 2717 971 2756 te
1004 2706 1296 2756 dominandi
1330 2706 1599 2770 cupiditate
1635 2709 1854 2756 conferre
1879 2707 1970 2756 11¹7
2021 2692 2062 2739 ...⁴

184 2806 400 2853 possum,
442 2788 615 2837 ceteris
661 2805 778 2837 vero
825 2790 970 2838 rebus
1012 2789 1148 2836 nullo
1189 2788 1341 2837 modo
1383 2788 1744 2850 comparandus
1781 2803 1845 2835 es.

1730 2908 1751 2918 -ι

299 2917 337 2950 Ρ.
368 2918 410 2952 P.
1723 2924 1749 2955 ³

2024 2790 2036 2877 J
