2023 3132
142 125 199 170 18
762 123 982 171 CJCER
989 122 1166 170 ONJS
1569 118 1718 185 [XIX
1737 123 1800 180 48

56 230 118 277 48
239 229 446 277 Intimus
481 238 583 277 erat
617 227 667 276 in
695 227 945 276 tribunatu
972 225 1166 283 Clodio,
1193 224 1278 286 qui
1303 241 1390 272 sua
1413 242 1526 288 erga
1549 243 1628 275 me
1653 228 1800 277 bene-

133 308 242 356 ficia
281 317 664 366 commemorat3
716 307 820 355 eius
861 305 1084 353 omnium
1123 304 1462 353 incendiorum
1500 307 1608 356 fax:
1665 306 1802 356 cuius

132 388 279 436 etiam
305 388 441 436 domi
464 389 559 435 iam
587 397 690 435 tum
717 386 953 448 quiddam
978 384 1175 432 molitus
1201 394 1285 433 est.
1361 386 1496 446 Quid
1515 386 1676 434 dicam
1696 387 1802 450 ipse

132 468 316 530 optime
359 467 608 530 intellegit.
702 467 828 514 Inde
866 466 956 513 iter
993 466 1355 513 Alexandream
1395 476 1566 514 contra
1606 477 1802 516 senatus

131 551 482 607 auctoritatem,
504 558 674 596 contra
694 563 797 595 rem
823 547 1075 608 publicam
1101 557 1149 594 et
1173 546 1452 608 religiones:
1483 548 1569 595 sed
1593 549 1805 604 habebat
1829 575 1848 605 5

131 632 307 679 ducem
345 628 622 686 Gabinium,
662 629 860 689 quicum
897 627 1090 688 quidvis
1125 627 1393 675 rectissime
1429 630 1586 677 facere
1620 639 1800 691 posset.

132 710 230 771 Qui
254 719 357 757 tum
383 708 496 756 inde
521 708 703 755 reditus
729 716 811 754 aut
836 707 1029 767 qualis?
1099 708 1237 755 Prius
1262 707 1312 755 in
1337 707 1556 756 ultimam
1592 711 1803 758 Galliam

132 806 192 838 ex
230 792 454 852 Aegypto
496 805 643 850 quam
686 789 904 836 domum.
979 789 1120 849 Quae
1170 798 1334 837 autem
1376 790 1590 838 domus?
1657 791 1804 838 Suam

131 868 258 918 enim
296 869 503 930 quisque
540 869 744 916 domum
781 878 886 916 tum
923 867 1191 927 obtinebat,
1218 885 1311 917 nec
1340 879 1441 917 erat
1465 886 1670 932 usquam
1705 880 1801 919 tua.

131 953 349 999 Domum
376 949 524 997 dico?
559 949 680 1010 quid
707 960 806 997 erat
830 949 881 997 in
906 949 1055 1008 terris,
1078 952 1162 998 ubi
1188 949 1238 997 in
1263 961 1348 999 tuo
1373 953 1552 1013 pedem
1578 969 1802 1014 poneres,
1831 980 1871 1002 10

129 1041 315 1094 praeter
332 1048 485 1078 unum
505 1031 770 1090 Misenum,
790 1032 927 1093 quod
946 1047 1057 1078 cum
1077 1031 1222 1079 sociis
1242 1041 1494 1094 tamquam
1515 1033 1805 1096 Sisaponem

128 1114 368 1162 tenebas?
422 1108 426 1111 ’

50 1190 111 1237 49
229 1192 340 1237 XX.
412 1188 606 1238 Venisti
632 1207 658 1238 e
685 1188 845 1238 Gallia
877 1191 941 1239 ad
966 1200 1279 1252 quaesturam
1307 1193 1586 1254 petendam.
1661 1192 1806 1241 Aude

131 1270 293 1319 dicere
318 1279 366 1318 te
391 1270 525 1332 prius
550 1272 613 1318 ad
637 1281 891 1333 parentem
917 1282 1050 1320 tuam
1070 1273 1261 1321 venisse
1288 1290 1435 1335 quam
1462 1276 1526 1323 ad
1550 1291 1644 1324 me.
1714 1277 1808 1322 Ac-

127 1367 353 1413 ceperam
377 1350 475 1398 iam
500 1362 617 1400 ante
645 1353 867 1401 Caesaris
892 1354 1091 1412 litteras,
1119 1363 1173 1402 ut
1198 1354 1316 1401 mihi
1351 1356 1464 1403 satis
1490 1355 1591 1404 fieri
1615 1365 1806 1418 paterer
1832 1381 1870 1411 15

129 1449 159 1480 a
198 1442 276 1481 te:
326 1432 493 1494 itaque
534 1449 597 1481 ne
639 1433 775 1494 loqui
818 1434 1019 1495 quidem
1062 1450 1169 1482 sum
1212 1444 1261 1483 te
1311 1451 1481 1497 passus
1530 1438 1593 1485 de
1639 1436 1803 1499 gratia.

129 1516 308 1562 Postea
349 1530 458 1561 sum
499 1515 657 1562 cultus
698 1531 728 1561 a
768 1523 830 1573 te,
875 1524 928 1562 tu
969 1531 998 1562 a
1038 1531 1118 1563 me
1154 1517 1438 1564 observatus
1474 1516 1525 1564 in
1566 1517 1808 1578 petitione

128 1603 429 1655 quaesturae.
503 1594 617 1653 Quo
654 1592 855 1655 quidem
891 1603 1113 1656 tempore
1147 1597 1198 1642 P.
1231 1596 1463 1644 Clodium
1498 1599 1807 1659 approbante

126 1674 314 1735 populo
351 1675 582 1721 Romano
618 1673 669 1721 in
705 1675 811 1721 foro
849 1690 900 1722 es
938 1684 1142 1722 conatus
1168 1676 1421 1725 occidere:
1458 1693 1672 1739 cumque
1696 1694 1805 1726 eam

125 1770 227 1802 rem
252 1763 335 1802 tua
359 1764 533 1816 sponte
558 1770 805 1813 conarere,
831 1771 933 1803 non
952 1755 1165 1817 impulsu
1185 1773 1314 1815 meo,
1335 1767 1500 1806 tamen
1525 1758 1592 1806 ita
1615 1759 1805 1820 praedi·
1831 1786 1872 1808 20

126 1836 287 1894 cabas,
325 1845 374 1883 te
409 1851 512 1883 non
554 1835 842 1895 existimare,
880 1835 972 1884 nisi
1009 1837 1145 1884 illum
1189 1837 1528 1899 interfecisses,
1571 1856 1805 1902 umquam

126 1913 247 1961 mihi
284 1930 375 1976 pro
413 1914 506 1962 tuis
548 1914 599 1961 in
641 1931 721 1963 me
761 1914 948 1963 iniuriis
986 1915 1098 1963 satis
1135 1933 1241 1965 esse
1277 1919 1530 1966 facturum.
1605 1921 1667 1968 In
1707 1936 1806 1982 quo

126 1994 348 2056 demiror,
379 2011 464 2043 cur
490 1995 734 2044 Milonem
759 1996 970 2058 impulsu
1006 2013 1118 2045 meo
1153 2014 1257 2046 rem
1292 1998 1426 2046 illam
1463 2001 1618 2061 egisse
1654 2001 1804 2060 dicas,

125 2093 239 2124 cum
263 2086 312 2124 te
335 2078 462 2125 ultro
487 2076 608 2124 mihi
631 2077 763 2125 idem
788 2077 911 2125 illud
947 2078 1251 2127 deferentem
1288 2096 1559 2141 numquam
1597 2081 1689 2128 sim
1724 2083 1806 2131 ad-

127 2159 358 2206 hortatus.
411 2159 739 2220 Quamquam,
761 2159 801 2207 si
819 2159 870 2207 in
895 2175 956 2208 eo
981 2176 1329 2222 perseverares,
1352 2162 1416 2210 ad
1440 2171 1575 2209 tuam
1599 2162 1805 2224 gloriam
1830 2187 1872 2219 25

53 2239 112 2285 50
131 2254 235 2286 rem
260 2238 392 2286 illam
418 2239 582 2287 referri
607 2241 850 2288 malebam
871 2257 1021 2302 quam
1036 2242 1101 2289 ad
1119 2257 1280 2289 meam
1298 2241 1516 2304 gratiam.
1563 2243 1808 2303 Quaestor

129 2334 180 2365 es
205 2319 370 2366 factus.
425 2319 622 2368 Deinde
646 2319 884 2368 continuo
911 2320 1015 2368 sine
1041 2330 1239 2369 senatus
1263 2324 1504 2380 consulto,
1532 2323 1637 2371 sine
1661 2333 1805 2383 sorte,

129 2398 233 2447 sine
267 2401 376 2461 lege
411 2402 476 2448 ad
512 2402 777 2450 Caesarem
814 2401 1080 2451 cucurristi.
1155 2403 1216 2450 Id
1254 2403 1385 2451 enim
1414 2420 1569 2451 unum
1593 2403 1645 2450 in
1670 2404 1806 2452 terris

130 2480 371 2540 egestatis,
399 2481 521 2528 aeris
547 2481 706 2541 alieni,
733 2482 980 2545 nequitiae
1005 2483 1209 2546 perditis
1233 2485 1362 2533 vitae
1396 2484 1667 2532 rationibus
1702 2501 1807 2546 per-

130 2559 318 2621 fugium
354 2576 460 2609 esse
496 2562 721 2610 ducebas.
797 2563 875 2612 Ibi
910 2573 959 2612 te
993 2580 1107 2611 cum
1144 2573 1191 2612 et
1227 2564 1353 2611 illius
1388 2563 1724 2626 largitionibus
1759 2573 1808 2613 et
1832 2590 1875 2620 30

130 2640 225 2687 tuis
272 2640 453 2702 rapinis
501 2643 810 2703 explevisses,
855 2644 895 2692 si
931 2646 1026 2692 hoc
1062 2654 1135 2693 est
1173 2647 1421 2708 explere,†
1461 2647 1596 2707 quod
1643 2645 1806 2694 statim

134 2721 368 2779 effundas,
397 2722 634 2770 advolasti
660 2740 807 2785 egens
833 2726 896 2772 ad
922 2726 1236 2785 tribunatum,
1265 2737 1318 2775 ut
1343 2728 1392 2779 in
1419 2743 1478 2782 eo
1505 2726 1804 2790 magistram,

133 2799 171 2847 si
194 2816 377 2863 posseS,
404 2801 492 2850 viri
516 2802 585 2851 tui
610 2804 777 2853 similis
803 2821 946 2858 esses,-
