2062 3132
174 108 233 155 28
803 107 1206 157 CICERONIS
1578 105 1748 172 [XXX
1776 109 1836 168 76

166 222 369 276 peteres,
387 214 463 260 vel
482 211 643 275 potius
663 228 871 276 rogares,
890 230 977 274 per
1001 213 1267 275 municipia
1292 212 1607 274 coloniasque
1634 214 1836 272 Galliae,

168 311 197 342 a
231 309 330 355 qua
365 310 454 342 nos
490 304 610 354 tum,
647 311 760 342 cum
797 297 1077 342 consulatus
1113 296 1386 356 petebatur,
1425 310 1525 342 non
1567 296 1837 356 rogabatur,

167 384 332 436 petere
373 375 682 422 consulatum
723 375 1013 431 solebamus,
1053 389 1164 421 cum
1202 372 1402 421 Gallicis
1438 382 1486 421 et
1521 374 1716 421 lacerna
1750 390 1833 421 cu·

168 452 366 500 curristi.

91 534 151 581 '77
269 535 458 580 XXXI.
531 535 599 580 At
634 532 796 582 videte
832 532 1079 581 levitatem
1117 531 1342 581 hominis.
1420 534 1548 581 Cum
1585 534 1705 581 hora
1745 532 1843 581 diei
1869 558 1888 589 5

170 616 362 662 decima
386 616 484 661 fere
508 615 572 662 ad
597 615 722 661 Saxa
746 615 889 662 rubra
908 612 1134 672 venisset,
1154 613 1346 661 delituit
1365 612 1415 660 in
1435 615 1649 675 quadam
1668 630 1846 677 caupo-

169 696 284 742 nula
319 703 467 756 atque
502 693 570 742 ibi
607 711 657 742 se
695 697 947 742 occultans
983 696 1259 756 perpotavit
1295 695 1360 741 ad
1395 710 1646 756 vesperam
1666 711 1680 754 3
1727 693 1844 743 inde

169 773 289 822 cisio
326 773 543 822 celeriter
579 775 642 822 ad
679 774 851 821 urbem
888 775 1121 821 advectus
1158 774 1362 820 domum
1398 772 1533 820 venit
1567 774 1727 835 capite
1763 775 1847 821 ob-

168 854 347 901 voluto.
422 853 621 912 Ianitor,
651 853 812 914 “Quis
833 854 955 900 tu?''
1028 856 1112 899 “A
1139 855 1312 900 Marco
1339 851 1659 900 tabellarius.''
1719 853 1850 901 Con-

170 933 330 982 festim
355 935 418 982 ad
444 951 567 992 eam,
585 933 719 981 cuius
740 951 910 982 caussa
934 944 1131 982 venerat
1144 953 1156 994 3
1183 934 1327 996 eique
1353 935 1613 995 epistulam
1633 933 1845 982 tradidit.
1874 959 1916 981 10

173 1017 334 1077 Quam
374 1033 487 1064 cum
531 1016 611 1064 illa
652 1018 834 1079 legeret
875 1018 1167 1065 flens—erat
1204 1016 1335 1064 enim
1372 1015 1550 1078 scripta
1584 1015 1849 1074 amatorie;

171 1105 318 1157 caput
359 1082 846 1154 autem-litterarum,
888 1095 978 1144 sibi
1021 1112 1133 1143 cum
1175 1095 1257 1143 illa
1291 1094 1441 1143 mima
1486 1097 1694 1157 posthac
1728 1095 1849 1142 nihil

172 1177 415 1224 futurum:
452 1192 650 1224 omnem
689 1193 740 1224 se
776 1193 994 1225 amorem
1031 1176 1265 1225 abiecisse
1302 1175 1421 1224 illim
1458 1186 1607 1238 atque
1639 1176 1689 1224 in
1721 1177 1850 1224 hanc

171 1254 581 1304 transfudisse—t
619 1272 731 1303 cum
768 1255 941 1304 mulier
972 1257 1107 1304 fleret
1144 1256 1353 1314 uberius,
1391 1257 1544 1304 homo
1580 1255 1851 1305 misericors

172 1342 294 1388 ferre
335 1356 437 1388 non
478 1339 670 1402 potuit3
723 1349 870 1401 caput
912 1341 1129 1401 aperuit3
1183 1339 1234 1385 in
1281 1340 1462 1386 collum
1511 1338 1698 1387 invasit.
1805 1340 1849 1387 O
1877 1362 1916 1392 15

175 1419 428 1469 hominem
464 1424 708 1482 nequam!
763 1420 881 1482 quid
907 1420 1039 1468 enim
1066 1420 1198 1468 aliud
1224 1419 1422 1468 dicam?
1469 1419 1622 1482 magis
1658 1418 1853 1481 proprie

175 1499 294 1547 nihil
329 1516 530 1562 possum
567 1500 757 1548 dicere:
812 1516 941 1562 ergo,
980 1509 1033 1547 ut
1069 1509 1130 1559 te,
1170 1516 1263 1547 nec
1299 1500 1501 1561 opinato
1537 1515 1649 1546 cum
1686 1508 1734 1547 te
1782 1515 1856 1546 os-

174 1581 429 1641 tendisses,
478 1591 669 1644 praeter
718 1598 853 1643 spem
904 1581 1077 1629 mulier
1123 1580 1410 1642 adspiceret,
1451 1579 1635 1629 idcirco
1683 1580 1855 1628 urbem

174 1671 353 1710 terrore
399 1670 656 1718 nocturno,
702 1661 896 1708 Italiam
944 1661 1208 1707 multorum
1258 1658 1446 1706 dierum
1493 1668 1627 1706 metu
1673 1666 1855 1720 pertur-

98 1744 158 1790 ¹78
177 1743 339 1791 basti?
422 1744 486 1789 Et
528 1742 665 1790 domi
706 1742 907 1804 quidem
950 1757 1175 1789 caussam
1222 1739 1399 1787 amoris
1447 1738 1686 1797 habuisti3
1739 1737 1853 1786 foris
1879 1763 1922 1784 20

175 1821 322 1870 etiam
369 1820 650 1884 turpiorem,
699 1838 762 1870 ne
821 1824 875 1869 L.
929 1822 1137 1868 Plancus
1185 1818 1379 1882 praedis
1436 1828 1546 1867 tuos
1604 1819 1850 1867 venderet.

178 1904 452 1952 Productus
478 1913 641 1951 autem
667 1902 718 1950 in
743 1902 1028 1951 contionem
1053 1918 1082 1948 a
1106 1900 1302 1949 tribuno
1326 1899 1498 1962 plebis,
1521 1915 1636 1947 cum
1659 1915 1858 1961 respon-

177 1985 344 2042 disses,
371 1994 420 2032 te
443 1984 511 2032 rei
536 1993 647 2032 tuae
672 2000 846 2031 caussa
867 1983 1072 2042 venisse,
1101 1983 1343 2044 populum
1368 1981 1514 2029 etiam
1548 1980 1768 2029 dicacem
1805 1979 1856 2026 in

178 2074 227 2113 te
251 2065 517 2113 reddidisti.
591 2066 689 2113 Sed
714 2064 858 2112 nimis
884 2065 1036 2112 multa
1072 2065 1136 2112 de
1171 2062 1323 2125 nugis.
1397 2062 1479 2109 Ad
1514 2060 1700 2107 maiora
1729 2059 1859 2108 veni-

182 2161 333 2191 amus.
1883 2162 1925 2195 25

279 2226 497 2272 XXXII.
574 2225 626 2273 C.
659 2223 860 2274 Caesari
886 2240 945 2272 ex
971 2222 1217 2285 Hispania
1249 2221 1473 2270 redeunti
1509 2219 1706 2269 obviam
1742 2222 1846 2268 lon-

179 2305 375 2369 gissime
409 2305 697 2368 processisti.
773 2305 1007 2354 Celeriter
1042 2305 1122 2352 isti
1157 2304 1339 2362 redisti,
1367 2312 1421 2351 ut
1453 2311 1770 2366 cognosceret
1795 2311 1856 2360 te,

182 2387 222 2435 si
261 2386 423 2434 minus
457 2387 648 2444 fortem,
685 2395 735 2434 at
771 2395 938 2433 tamen
974 2395 1239 2433 strenuom.
1314 2384 1494 2430 Factus
1531 2398 1583 2430 es
1619 2383 1663 2429 ei
1698 2397 1859 2428 rursus

181 2465 348 2516 nescio
373 2482 472 2529 quo
499 2468 649 2515 modo
673 2466 937 2515 familiaris.
1011 2466 1247 2513 Habebat
1279 2465 1375 2512 hoc
1407 2462 1611 2512 omnino
1648 2463 1859 2511 Caesar:

184 2564 331 2611 quem
372 2549 519 2610 plane
561 2547 805 2610 perditum
847 2563 958 2595 aere
994 2547 1155 2595 alieno
1192 2553 1530 2607 egentemque,
1570 2542 1610 2590 si
1646 2542 1859 2590 eundem
1884 2566 1927 2597 30

184 2644 399 2690 nequam
424 2627 676 2676 hominem
701 2627 1040 2689 audacemque
1065 2634 1315 2688 cognorat,
1336 2625 1470 2671 hunc
1492 2624 1542 2670 in
1567 2621 1861 2670 familiarita-

110 2709 170 2757 79
190 2718 289 2757 tem
313 2706 631 2755 libentissime
655 2706 932 2769 recipiebat.
1006 2705 1102 2754 His
1127 2704 1270 2767 igitur
1293 2705 1436 2752 rebus
1461 2703 1707 2765 praeclare
1731 2716 1863 2749 com-

189 2788 448 2838 mendatus
483 2787 639 2836 iussus
676 2804 727 2837 es
763 2786 1026 2836 renuntiari
1062 2786 1236 2835 consul
1272 2793 1320 2834 et
1357 2784 1557 2847 quidem
1594 2797 1707 2830 cum
1736 2780 1857 2844 ipso.
