2023 3132
140 116 168 161 8
785 113 1194 161 CICERONIS
1564 111 1716 177 [v111
1749 131 1806 176 19

136 219 366 269 subsellia
406 229 573 269 nostra
608 230 861 269 versentur
903 221 1111 268 armati?
1147 236 1262 268 cum
1299 219 1349 268 in
1384 221 1477 269 hae
1518 222 1642 270 cella
1683 223 1811 271 Con-

137 300 347 361 cordiae,
366 301 417 349 di
432 301 756 349 immortales!
781 301 831 348 in
850 317 946 363 qua
967 317 1045 349 me
1065 303 1267 350 consule
1287 302 1519 350 salutares
1539 301 1810 351 sententiae

139 381 298 430 dictae
345 390 470 440 sunt,
521 382 699 443 quibus
745 383 811 430 ad
857 382 985 429 hanc
1031 381 1162 430 diem
1209 381 1430 440 viximus,
1480 398 1594 429 cum
1638 381 1811 445 gladiis

140 461 365 509 homines
391 462 618 510 collocati
644 464 803 510 stent?
843 465 1040 510 Accusa
1065 473 1311 521 senatum3
1337 479 1514 511 accusa
1537 473 1813 526 equestrem

140 543 377 600 ordinem,
404 542 615 603 quitum
642 559 754 590 cum
791 553 962 591 senatu
999 544 1254 605 copulatus
1290 543 1378 591 fuit
1394 562 1407 603 3
1443 560 1621 591 accusa
1655 542 1814 592 omnis
1838 567 1858 597 5

141 623 351 683 ordines,
380 622 539 672 omnis
564 623 695 682 civis,
723 625 842 672 dum
868 625 1132 673 confiteare
1157 626 1289 672 hunc
1314 624 1539 673 ordinem
1574 626 1670 673 hoc
1705 625 1814 687 ipso

141 714 363 767 ternpore
398 705 461 752 ab
499 703 702 766 Ityraeis
750 703 1102 753 circumsederi
1201 707 1346 754 Haec
1381 715 1434 754 tu
1475 721 1577 753 non
1616 714 1816 768 propter

140 785 398 834 audaciam
425 784 545 832 dicis
571 794 672 832 tam
697 786 1023 847 impudenter,
1052 787 1139 835 sed
1164 786 1292 848 quia,
1318 786 1403 849 qui
1435 796 1622 835 tantam
1656 802 1816 834 rerum

138 866 510 929 repugnantiam
549 882 648 914 non
692 866 874 925 videas,
919 867 1040 914 nihil
1087 870 1311 930 profecto
1359 868 1498 931 sapis.
1574 868 1708 930 Quid
1744 876 1817 916 est

140 948 271 996 enim
308 946 600 1005 dementiUS,
641 964 803 1009 quam,
844 964 958 995 cum
995 948 1062 996 rei
1099 949 1327 1011 publicae
1369 948 1645 1011 perniciosa
1684 966 1818 997 arma
1843 975 1883 996 10

63 1030 124 1076 20
142 1027 473 1091 ipseceperis,
502 1027 698 1077 obicere
722 1029 860 1077 alteri
885 1030 1150 1077 salutaria?
1201 1033 1267 1078 At
1293 1030 1442 1078 etiam
1466 1031 1682 1092 quodam
1705 1031 1818 1078 loco

139 1111 325 1157 facetus
363 1125 468 1157 esse
504 1108 713 1157 voluisti.
795 1111 960 1171 Quam
995 1110 1046 1159 id
1082 1120 1145 1170 te,
1181 1111 1233 1160 di
1269 1110 1404 1171 boni,
1443 1127 1543 1160 non
1580 1111 1819 1159 decebat!

142 1192 202 1237 In
229 1206 329 1251 quo
356 1199 429 1237 est
454 1198 538 1237 tua
563 1191 707 1252 culpa
732 1207 832 1239 non
859 1192 1002 1239 nulla.
1077 1191 1281 1254 Aliquid
1306 1192 1438 1240 enim
1464 1191 1576 1239 salis
1608 1208 1637 1238 a
1671 1190 1821 1238 mima

143 1287 293 1318 uxore
319 1271 508 1318 trahere
533 1270 748 1332 potuisti.
823 1273 1056 1320 Cedant
1080 1289 1239 1320 arma
1263 1282 1446 1335 togae.
1511 1272 1683 1333 Quid?
1716 1282 1821 1320 tum

143 1369 311 1401 nonne
338 1355 623 1400 cesserunt?
691 1355 758 1400 At
782 1364 957 1414 postea
982 1354 1077 1402 tuis
1111 1354 1256 1402 armis
1290 1354 1437 1402 cessit
1461 1363 1586 1415 toga.
1662 1354 1821 1414 Quae·
1847 1377 1885 1408 ις,

142 1450 305 1482 ramus
341 1433 498 1495 igitur,
540 1444 703 1481 utrum
740 1433 913 1482 melius
951 1435 1108 1493 fuerit,
1145 1434 1356 1483 libertati
1397 1435 1567 1497 populi
1606 1433 1822 1481 Romani

144 1516 489 1562 sceleratorum
527 1531 674 1572 arma,
701 1531 764 1561 an
797 1517 1073 1563 libertatem
1099 1526 1316 1564 nostram
1344 1515 1487 1564 armis
1513 1514 1607 1563 tuis
1632 1515 1818 1562 cedere.

145 1597 253 1644 Nec
277 1612 392 1644 vero
418 1595 507 1643 tibi
533 1597 596 1644 de
627 1595 846 1644 versibus
881 1598 1020 1658 plura
1054 1597 1396 1659 respondebo,
1433 1605 1626 1644 tantum
1661 1595 1824 1643 dicam

143 1676 382 1725 breviter:
419 1686 468 1725 te
502 1693 664 1738 neque
695 1677 817 1735 illos,
845 1693 1008 1739 neque
1044 1679 1167 1725 ullas
1197 1677 1402 1726 omnino
1431 1677 1612 1725 litteras
1648 1691 1824 1724 nosse:

144 1775 224 1807 me
253 1776 345 1808 nec
374 1757 443 1806 rei
479 1760 709 1820 publicae
741 1774 835 1807 nec
867 1758 1036 1806 amicis
1061 1775 1297 1820 umquam
1331 1758 1555 1816 defuisse,
1582 1766 1631 1806 et
1659 1766 1826 1805 tamen
1849 1781 1890 1802 ω

145 1838 282 1888 omni
321 1855 500 1901 genere
541 1848 982 1887 monumentorum
1025 1856 1248 1888 meorum
1289 1838 1551 1901 perfecisse
1591 1847 1645 1886 ut
1684 1852 1826 1885 meae

144 1920 336 1983 vigiliae
383 1936 623 1981 meaeque
671 1920 860 1969 litterae
902 1932 951 1968 et
997 1920 1240 1969 iuventuti
1287 1919 1507 1968 utilitatis
1552 1928 1602 1967 et
1636 1916 1826 1966 nomini

147 2005 380 2050 Romano
416 2001 571 2049 laudis
607 2001 793 2063 aliquid
830 2003 1068 2050 afferrent.
1143 2002 1239 2049 Sed
1264 2002 1387 2049 haec
1411 2017 1512 2048 non
1536 1999 1679 2047 huius
1702 2008 1825 2047 tem-

145 2083 278 2145 poris
300 2102 308 2131 :
345 2083 530 2130 maiora
553 2083 817 2130 videamus.

71 2164 129 2209 21
252 2165 343 2211 IX.
416 2166 469 2211 P.
500 2163 734 2212 Clodium
768 2179 881 2211 meo
918 2163 1125 2212 consilio
1161 2164 1471 2212 interfectum
1507 2179 1614 2212 esse
1648 2161 1823 2210 dixisti.
1851 2186 1891 2217 25

149 2243 402 2304 Quidnam
437 2243 663 2291 homines
705 2253 947 2306 putarent,
989 2243 1027 2291 si
1069 2254 1174 2291 turn
1214 2244 1404 2292 occisus
1445 2253 1588 2302 esset,
1625 2259 1739 2290 cum
1773 2251 1828 2290 tu

152 2323 290 2371 illum
315 2324 366 2371 in
391 2325 497 2372 foro
524 2333 780 2386 spectante
805 2326 992 2386 populo
1029 2327 1261 2374 Romano
1296 2324 1459 2387 gladio
1495 2324 1741 2373 insecutus
1775 2339 1828 2372 es

155 2404 508 2466 negotiumque
555 2404 885 2467 transegisses,
933 2404 1025 2453 nisi
1072 2422 1125 2454 se
1172 2406 1253 2454 ille
1299 2407 1350 2453 in
1397 2407 1551 2453 scalas
1597 2406 1829 2454 tabernae

153 2483 374 2532 librariae
417 2484 708 2533 coniecisset
749 2485 918 2546 eisque
955 2485 1188 2547 oppilatis
1231 2485 1472 2548 impetum
1512 2495 1651 2533 tuum
1700 2501 1830 2532 com-

152 2564 443 2627 pressisset?
490 2566 640 2625 Quod
666 2565 868 2627 quidem
893 2582 985 2628 ego
1009 2567 1185 2615 favisse
1209 2584 1290 2616 me
1313 2567 1401 2615 tibi
1424 2569 1594 2625 fateor,
1619 2566 1827 2614 suasisse
1851 2591 1893 2622 30

153 2661 218 2693 ne
259 2655 312 2692 tu
351 2644 552 2706 quidem
594 2645 729 2693 dicis.
801 2649 869 2694 At
913 2647 1091 2695 Miloni
1131 2664 1195 2696 ne
1229 2650 1392 2697 favere
1429 2648 1632 2710 quidem
1666 2646 1829 2710 potui;

154 2725 289 2788 prius
314 2724 445 2773 enim
470 2742 571 2773 rem
608 2728 839 2789 transegit
875 2744 1024 2789 quam
1061 2727 1322 2790 quisquam
1360 2745 1472 2776 eum
1506 2730 1745 2776 facturum
1779 2727 1832 2776 id

156 2806 492 2867 suspicaretur.
564 2809 630 2853 At
656 2823 746 2869 ego
773 2808 916 2857 suasi.
989 2808 1180 2858 Scilicet
1204 2808 1244 2856 is
1270 2808 1461 2857 animus
1485 2817 1587 2857 erat
1612 2806 1827 2866 Milonis,
