2023 3132
151 94 179 137 6
792 90 1198 140 CICERONIS
1659 91 1728 158 [v
1759 111 1813 142 12

148 196 232 259 qui
267 214 369 246 non
404 197 522 245 mihi
559 198 708 247 vitam
745 215 899 258 suam,
934 201 1167 257 fortunas,
1205 200 1397 261 liberos,
1425 218 1528 250 rem
1563 203 1818 264 publicam

147 278 341 325 referret
365 287 631 340 acceptam.

72 360 130 405 13
249 361 339 407 VI.
411 360 508 407 Sed
545 359 778 420 quoniam
815 358 922 416 illis,
961 376 1086 422 quos
1128 360 1397 419 nominavi,
1435 370 1509 410 tot
1552 370 1599 410 et
1640 362 1818 411 talibus

146 438 258 486 viris
281 455 358 486 res
383 438 581 500 publica
612 440 783 487 orbata
819 448 906 496 est,
933 441 1186 488 veniamus
1224 442 1287 488 ad
1324 441 1475 500 vivos,
1502 441 1586 504 qui
1621 444 1722 491 duo
1759 445 1823 492 de

148 520 478 567 consularium
515 536 721 569 numero
756 520 928 583 reliqui
965 532 1090 570 sunt.
1166 524 1218 570 L.
1250 524 1411 581 Cotta,
1438 523 1508 571 vir
1539 540 1732 573 summo
1757 525 1824 572 in-
1847 549 1867 581 ⁵

147 599 293 661 genio
330 616 620 662 summaque
656 602 930 662 prudentia,
959 603 1104 650 rebus
1143 601 1211 649 eis
1247 602 1409 664 gestis,
1439 619 1558 664 quas
1592 612 1643 651 tu
1667 620 1826 666 repre-

149 681 338 739 hendis,
367 681 778 743 supplicationem
805 683 1019 730 decrevit
1042 682 1203 730 verbis
1229 683 1555 745 amplissimis,
1584 684 1728 747 eique
1753 685 1823 732 illi

146 761 253 823 ipsi,
295 778 420 824 quos
456 764 607 811 modo
645 763 907 821 nominavi,
947 764 1228 810 consulares
1277 772 1574 826 senatusque
1620 773 1824 812 cunctus

148 859 373 890 assensus
401 853 472 891 est
489 862 502 904 3
538 843 621 906 qui
647 845 807 892 honos
832 853 945 905 post
969 843 1223 891 conditam
1259 844 1387 891 hanc
1422 846 1593 893 urbem
1629 843 1824 893 habitus

72 923 133 969 14
153 933 224 971 est
253 932 419 986 togato
449 934 563 972 ante
589 941 668 973 me
693 924 891 973 nemini.
966 927 1017 972 L.
1051 926 1243 985 Caesar,
1272 927 1540 973 avonculus
1577 936 1703 984 tuus,
1730 944 1828 989 qua

149 1005 383 1062 oratione,
422 1022 520 1068 qua
555 1006 843 1064 constantia,
883 1023 980 1068 qua
1014 1006 1247 1069 gravitate
1285 1007 1577 1054 sententiam
1618 1006 1737 1056 dixit
1776 1008 1828 1055 in

150 1086 325 1134 sororis
351 1103 464 1134 suae
489 1087 657 1145 virum,
684 1087 907 1135 vitricum
933 1098 1071 1135 tuum
1092 1092 1101 1136 1
1174 1090 1327 1135 Hunc
1353 1097 1405 1135 tu
1430 1104 1541 1135 cum
1579 1099 1828 1138 auctorem

150 1178 199 1216 et
233 1177 605 1230 praeceptorem
643 1168 864 1216 omnium
902 1169 1217 1216 consiliorum
1251 1168 1500 1231 totiusque
1525 1169 1654 1218 vitae
1680 1172 1830 1218 debu-

149 1250 269 1296 isses
316 1250 510 1307 habere,
560 1248 714 1297 vitrici
761 1259 810 1297 te
859 1249 1080 1307 similem,
1131 1266 1278 1311 quam
1327 1250 1553 1298 avonculi
1600 1251 1823 1299 maluisti.

154 1330 320 1377 Huius
347 1346 436 1392 ego
462 1329 650 1378 alienus
677 1330 893 1378 consiliis
919 1332 1092 1378 consul
1118 1341 1222 1379 tum
1247 1347 1363 1378 usus
1390 1347 1498 1378 sum
1523 1350 1532 1379 ε
1575 1341 1628 1380 tu
1652 1332 1828 1380 sororis

152 1410 293 1468 filius,
315 1411 493 1472 ecquid
518 1412 581 1459 ad
607 1429 719 1459 eum
746 1428 980 1473 umquam
1000 1413 1063 1460 de
1087 1429 1138 1460 re
1163 1412 1364 1474 publica
1388 1413 1641 1462 rettulisti?
1676 1415 1742 1461 At
1767 1414 1831 1461 ad

152 1508 276 1553 quos
308 1493 486 1540 refert?
557 1492 622 1540 Di
654 1494 985 1540 immortales!
1021 1494 1084 1540 ad
1115 1509 1200 1541 eos
1230 1493 1427 1552 scilicet,
1455 1510 1664 1555 quorum
1689 1494 1830 1542 nobis

76 1574 134 1620 15
156 1573 300 1621 etiam
344 1573 448 1621 dies
490 1575 678 1622 natales
720 1573 953 1622 audiendi
997 1583 1124 1622 sunt.
1217 1574 1389 1623 Hodie
1430 1591 1533 1623 non
1576 1576 1832 1624 descendit

154 1654 412 1701 Antonius.
472 1656 606 1703 Cur?
659 1656 759 1702 Dat
784 1654 1063 1702 nataliciam
1089 1655 1140 1702 in
1164 1655 1330 1704 hortis.
1385 1656 1514 1705 Cui?
1567 1656 1831 1706 Neminem

153 1735 436 1783 nominabo.
513 1738 688 1783 Putate
729 1746 834 1784 tum
877 1736 1164 1785 Phormioni
1206 1735 1365 1795 alicui,
1411 1745 1515 1784 tum
1565 1737 1831 1797 Gnathoni,

155 1826 261 1864 tum
287 1816 435 1864 etiam
461 1816 682 1864 Ballioni.
757 1819 801 1866 O
827 1817 1114 1866 foeditatem
1147 1817 1360 1866 hominis
1396 1817 1717 1880 flagitiosam!
1787 1820 1833 1867 O

156 1898 526 1960 impudentiam,
554 1897 838 1960 nequitiam,
865 1898 1123 1947 libidinem
1149 1915 1250 1947 non
1275 1901 1528 1947 ferendam
1550 1903 1559 1947 !
1617 1901 1697 1947 Tu
1721 1916 1833 1947 cum

156 1979 429 2041 principem
472 1990 762 2037 senatorem,
806 1979 964 2027 civem
1007 1979 1314 2041 singularem,
1360 1989 1458 2027 tam
1503 1979 1835 2042 propinquom

158 2060 356 2118 habeas,
383 2061 447 2108 ad
473 2076 586 2108 eum
612 2061 675 2108 de
700 2076 750 2108 re
786 2059 987 2122 publica
1022 2059 1143 2107 nihil
1178 2061 1385 2108 referas:
1421 2061 1599 2108 referas
1634 2061 1698 2109 ad
1733 2077 1833 2119 eOS,

159 2140 242 2204 qui
268 2158 405 2188 suam
430 2158 532 2189 rem
558 2143 742 2188 nullam
767 2141 967 2199 habent,
994 2149 1129 2188 tuam
1156 2140 1484 2189 exhauriunt?

263 2224 382 2270 VII.
455 2224 593 2270 Tuus
642 2221 870 2270 videlicet
920 2221 1141 2269 salutaris
1189 2223 1485 2281 consulatuS,
1534 2221 1837 2284 perniciosus

163 2318 315 2350 meus.
389 2304 600 2352 Adeone
624 2304 867 2365 pudorem
893 2319 1006 2350 cum
1031 2302 1268 2364 pudicitia
1292 2303 1563 2365 perdidisti,
1589 2313 1643 2351 ut
1666 2305 1763 2352 hoc
1786 2303 1838 2351 in

164 2399 225 2431 eo
262 2385 450 2446 templo
487 2383 649 2432 dicere
685 2400 832 2431 ausus
869 2385 947 2441 sis,
975 2383 1025 2430 in
1062 2400 1162 2445 quo
1200 2400 1291 2446 ego
1327 2395 1551 2432 senatum
1577 2383 1728 2442 illum,
1754 2384 1838 2446 qui

164 2466 419 2526 quondam
456 2466 633 2513 florens
669 2465 775 2513 orbi
810 2475 1043 2513 terrarum
1079 2465 1403 2526 praesidebat,
1429 2465 1759 2522 consulebam,
1786 2474 1839 2512 tu

88 2547 146 2593 16
165 2545 390 2594 homines
425 2545 781 2607 perditissimos
819 2562 931 2593 cum
967 2545 1140 2607 gladiis
1178 2544 1518 2593 collocavisti?
1587 2547 1652 2592 At
1688 2544 1837 2592 etiam
1866 2570 1882 2580 ἢ

165 2642 310 2675 ausus
351 2626 593 2688 es—quid
632 2636 796 2674 autem
834 2636 921 2685 est,
967 2627 1101 2688 quod
1143 2635 1195 2674 tu
1234 2642 1335 2673 non
1375 2627 1556 2674 audeas
1571 2626 1840 2675 ?—clivom

168 2706 503 2769 Capitolinum
530 2707 691 2756 dicere
715 2724 794 2755 me
820 2709 1021 2755 consule
1046 2708 1248 2768 plenum
1273 2723 1520 2754 servorum
1545 2715 1841 2754 armatorum

169 2787 330 2838 fuisse.
402 2790 474 2837 Ut
510 2787 602 2846 illa,
632 2788 792 2846 cred0‚
822 2787 1004 2836 nefaria
1039 2797 1234 2836 senatus
1271 2789 1496 2836 consulta
1531 2789 1715 2847 fierent,
1742 2788 1840 2836 vim

1854 954 1894 976 10

1856 1357 1894 1387 15

1860 2166 1900 2196 25
