2023 3132
147 71 208 113 24
776 57 1179 105 CICERONIS
1517 55 1711 122 [XXVI
1740 62 1801 122 65

141 159 406 208 insolenter
441 160 604 209 statim
639 162 804 209 helluo
839 161 1014 209 invasit
1050 161 1101 208 in
1137 161 1239 210 eius
1274 160 1362 209 viri
1397 164 1629 224 fortunas,
1666 165 1804 215 cuius

141 239 315 288 virtute
356 241 612 289 terribilior
653 251 755 289 erat
797 243 1009 304 populus
1052 244 1308 290 Romanus
1351 244 1524 292 exteris
1561 245 1804 306 gentibus,

139 318 321 367 iustitia
344 320 499 369 carior
518 324 527 368 !

243 402 459 448 XXVII.
535 402 594 448 In
638 400 740 448 eius
781 400 923 463 igitur
963 400 1051 448 viri
1092 401 1259 463 copias
1301 419 1415 450 cum
1451 419 1503 451 se
1539 403 1700 453 subito
1741 404 1810 452 in-

140 480 441 543 gurgitasset,
459 481 730 528 exsultabat
753 481 934 542 gaudio
958 497 1169 543 persona
1192 483 1254 529 de
1282 481 1448 542 mimo,
1467 486 1618 532 modo
1644 501 1806 547 egens,
1832 511 1852 543 5

140 570 340 623 repente
364 562 513 609 dives.
586 563 699 619 Sed,
726 573 778 609 ut
803 572 875 610 est
900 563 1029 624 apud
1055 573 1254 624 poetam
1280 564 1446 612 nescio
1472 581 1633 627 quem,
1660 568 1807 615 male

65 643 123 689 66
143 651 307 703 parta
346 643 492 690 male
534 642 895 692 dilabuntur.
969 644 1263 692 Incredibile
1306 661 1363 692 ac
1404 645 1561 694 simile
1595 648 1808 709 portenti

140 732 229 780 est,
271 739 486 784 quonam
528 724 679 772 modo
720 723 803 772 illa
839 734 938 772 tarn
975 726 1127 772 multa
1163 741 1310 786 quarn
1345 726 1514 787 paucis
1552 743 1654 775 non
1695 728 1808 776 dico

138 806 403 862 mensibus,
430 806 518 853 sed
543 804 717 853 diebus
743 805 979 854 effuderit.
1053 805 1301 853 Maximus
1323 806 1424 854 vini
1448 823 1679 856 numerus
1704 809 1805 869 fuit,

138 900 456 947 permagnum
483 885 655 947 optimi
679 887 875 948 pondus
908 885 1107 948 argenti,
1134 885 1347 947 pretiosa
1381 886 1542 947 vestis,
1573 889 1727 935 multa
1762 898 1810 936 et
1836 915 1877 937 10

137 966 270 1013 lauta
309 967 532 1027 supellex
571 975 620 1014 et
661 966 918 1029 magnifica
958 966 1124 1014 multis
1165 967 1301 1026 locis,
1343 984 1445 1016 non
1484 968 1566 1015 illa
1608 968 1808 1031 quidem

137 1045 369 1094 luxuriosi
409 1046 636 1105 hominis,
682 1049 770 1095 sed
812 1056 978 1096 tamen
1019 1047 1329 1096 abundantis.
1403 1051 1598 1096 Horum
1639 1050 1808 1111 paucis

63 1127 121 1173 6¹7
141 1125 314 1175 diebus
340 1126 458 1174 nihil
484 1136 597 1175 erat.
672 1129 813 1189 Quae
840 1128 1114 1192 Charybdis
1140 1138 1240 1176 tam
1267 1132 1450 1177 vorax?
1506 1131 1808 1194 Charybdim

139 1207 288 1256 dico?
336 1224 462 1269 quae
499 1208 538 1255 si
574 1207 678 1267 fuit,
716 1208 898 1256 animal
935 1225 1088 1256 unum
1124 1209 1241 1257 fuit:
1297 1211 1541 1270 Oceanus,
1579 1228 1659 1260 me
1700 1213 1808 1261 dius

137 1288 293 1347 fidius,
319 1289 399 1336 vix
422 1289 613 1337 videtur
637 1298 709 1338 tot
733 1306 823 1348 res,
850 1299 952 1337 tam
989 1290 1263 1352 dissipatas,
1291 1299 1391 1338 tam
1428 1291 1723 1341 distantibus
1758 1294 1808 1341 in
1835 1319 1873 1350 15

136 1368 257 1416 locis
281 1368 465 1431 positas
491 1379 590 1417 tarn
616 1370 714 1418 cito
739 1371 1001 1419 absorbere
1021 1371 1254 1432 potuisse.
1302 1371 1438 1420 Nihil
1458 1382 1558 1421 erat
1574 1375 1807 1435 clausum,

138 1448 258 1496 nihil
294 1449 621 1512 obsignatum,
649 1450 769 1497 nihil
805 1449 1050 1512 scriptum.
1124 1453 1413 1512 Apothecae
1448 1462 1579 1502 totae
1612 1455 1807 1517 nequis-

138 1529 270 1577 simis
294 1530 576 1579 hominibus
610 1531 1030 1578 condonabantur.
1104 1531 1215 1579 Alia
1250 1532 1385 1579 mimi
1421 1533 1689 1596 rapiebant,
1716 1536 1811 1583 alia

137 1609 344 1658 mimae:
398 1611 574 1659 domus
618 1621 718 1659 erat
759 1611 1055 1659 aleatoribus
1103 1613 1290 1672 referta,
1336 1614 1484 1674 plena
1536 1615 1809 1664 ebriorum:

137 1698 267 1737 totos
303 1688 407 1738 dies
443 1694 704 1752 potabatur
740 1701 887 1753 atque
912 1691 963 1740 id
987 1691 1108 1740 locis
1143 1693 1393 1755 pluribus:
1431 1698 1813 1757 suggerebantur
1837 1723 1879 1746 20

137 1772 284 1818 etiarn
321 1787 637 1833 saepe—non
674 1770 805 1818 enim
843 1788 1036 1834 semper
1059 1772 1150 1820 iste
1174 1771 1539 1822 felix—damna
1562 1776 1805 1824 aleatoria.

138 1851 472 1914 Conchyliatis
513 1854 605 1901 Cn.
652 1853 858 1915 Pompei
899 1853 1250 1915 peristromatis
1297 1871 1543 1903 servorum
1584 1857 1635 1904 in
1677 1859 1811 1906 cellis

136 1934 289 1982 lectos
325 1941 498 1981 stratos
534 1932 733 1981 videres.
807 1935 971 1995 Quam
1008 1935 1072 1982 ob
1108 1951 1210 1982 rem
1247 1935 1455 1984 desinite
1491 1937 1651 1985 mirari
1690 1940 1812 1987 haec

137 2022 237 2061 tam
289 2013 508 2063 celeriter
560 2031 665 2062 esse
718 2024 1026 2076 consumpta.
1117 2017 1232 2064 Non
1277 2018 1430 2065 modo
1478 2018 1621 2066 unius
1673 2020 1814 2082 patri-

137 2094 360 2142 monium
396 2095 618 2157 quamvis
655 2097 888 2158 amplum,
916 2105 969 2144 ut
1005 2095 1125 2144 illud
1160 2097 1262 2157 fuit,
1291 2100 1379 2146 sed
1414 2098 1545 2147 urbis
1582 2109 1630 2148 et
1664 2116 1814 2163 regna
1838 2126 1877 2158 25

138 2175 356 2224 celeriter
391 2186 528 2224 tanta
563 2178 782 2238 nequitia
819 2179 1053 2226 devorare
1088 2179 1344 2240 potuisset.
1417 2181 1484 2227 At
1519 2180 1652 2228 idem
1676 2182 1811 2230 aedis

63 2256 123 2302 68
143 2255 288 2303 etiarn
313 2265 361 2304 et
385 2258 566 2307 hortOS.
641 2259 685 2307 Ο
711 2258 969 2306 audaciam
1002 2260 1298 2307 immanem!
1351 2269 1404 2308 tu
1441 2261 1589 2309 etiam
1625 2261 1812 2325 ingredi

138 2335 272 2383 illam
296 2336 502 2384 domum
527 2353 675 2385 ausus
699 2340 783 2386 es?
814 2347 866 2385 tu
892 2338 1012 2386 illud
1037 2339 1399 2388 sanctissimum
1424 2340 1574 2390 limen
1600 2342 1815 2392 intrare?

138 2425 192 2464 tu
215 2416 404 2465 illarum
429 2419 625 2466 aedium
650 2417 724 2467 dis
749 2419 1011 2481 penatibus
1037 2436 1092 2468 os
1116 2419 1497 2482 impurissimum
1523 2425 1814 2472 ostendere?

140 2498 303 2558 Quam
344 2499 548 2546 domum
590 2499 891 2561 aliquamdiu
933 2516 1081 2548 nemo
1123 2500 1378 2563 adspicere
1412 2510 1619 2563 poterat,
1662 2519 1809 2551 nemo
1834 2529 1877 2559 30

140 2577 243 2626 sine
278 2580 486 2627 lacrimis
522 2581 797 2642 praeterire,
824 2581 918 2628 hac
953 2590 1002 2629 te
1037 2581 1088 2628 in
1124 2582 1276 2629 domo
1313 2590 1413 2628 tam
1450 2581 1534 2629 diu
1570 2583 1813 2631 deversari

139 2676 241 2708 non
276 2662 465 2722 pudet?
513 2662 565 2708 in
598 2679 710 2723 qua,
739 2660 960 2723 quamvis
996 2662 1117 2708 nihil
1153 2662 1327 2724 sapia5‚
1363 2671 1529 2709 tamen
1565 2662 1687 2710 nihil
1723 2663 1811 2711 tibi

139 2749 303 2804 potest
326 2756 432 2789 esse
455 2740 735 2789 iucundum.
