2023 3132
146 121 274 168 XVI
300 117 386 184 4-1]
463 119 742 168 ORATIO
786 117 1229 166 PHILIPPICA
1280 115 1655 164 SECUNDA.
1760 126 1815 176 15

143 238 318 290 postea
358 226 582 289 dignitati
622 243 882 289 possemus
899 245 914 287 3
969 225 1050 275 ille
1091 226 1339 289 praesenti
1381 224 1607 286 dignitati
1652 223 1817 286 potius

144 309 445 357 consulebat.
521 308 671 368 Quod
706 317 872 355 autem
909 308 1124 356 habebat
1147 316 1351 368 uterque
1377 307 1498 368 quid
1522 315 1816 367 sequeretur,

143 387 325 436 idcirco
366 386 663 435 tolerabilior
703 396 806 435 erat
848 396 1014 435 nostra
1057 386 1315 434 dissensio.
1388 385 1524 446 Quid
1571 401 1689 433 vero
1736 385 1817 433 ille
1838 385 1896 432 39

145 468 399 530 singularis
439 468 511 515 vir
546 484 604 516 ac
641 484 800 530 paene
840 467 1033 516 divinus
1069 469 1134 517 de
1172 484 1252 516 me
1289 467 1505 527 senserit,
1543 469 1703 515 sciunt
1739 465 1822 528 qui

142 568 255 601 eum
280 553 343 600 de
371 551 619 598 Pharsalia
652 553 764 613 fuga
798 553 1022 614 Paphum
1055 551 1299 613 persecuti
1335 560 1460 597 sunt.
1533 551 1822 609 Numquam

143 634 207 680 ab
243 648 304 680 eo
339 631 526 680 mentio
563 633 625 680 de
660 648 740 679 me
777 632 870 680 nisi
906 632 1190 689 honorifica,
1229 630 1320 679 nisi
1356 632 1503 693 plena
1538 628 1822 677 amicissimi

144 712 370 770 desideri,
390 729 504 760 curn
529 729 609 760 me
633 712 812 761 vidisse
835 713 944 774 plus
969 714 1211 772 fateretur,
1239 729 1291 760 se
1316 712 1585 774 speravisse
1605 710 1818 759 meliora.

145 795 208 841 Et
235 793 336 841 eius
361 793 449 840 viri
474 793 674 842 nomine
699 810 778 841 me
804 793 1032 841 insectari
1057 795 1224 853 audes,
1253 793 1390 841 cuius
1415 809 1494 841 me
1519 791 1747 850 amicum,
1774 801 1822 840 te

144 884 385 922 sectorem
410 891 515 923 esse
543 876 760 922 fateare?

241 957 381 1002 XVI.
455 955 554 1003 Sed
592 956 844 1003 omittatur
882 955 1067 1003 bellum
1106 954 1240 1013 illud,
1281 954 1332 1002 in
1375 970 1476 1016 quo
1518 963 1570 1002 tu
1614 951 1821 1000 nimium

144 1033 257 1082 felix
280 1033 424 1082 fuisti.
497 1036 579 1083 Ne
615 1035 678 1082 de
710 1034 830 1082 iocis
869 1035 1072 1097 quidem
1096 1034 1427 1097 respondebo,
1455 1032 1632 1095 quibus
1657 1048 1735 1079 me
1771 1032 1823 1079 in

143 1114 309 1162 castris
344 1131 487 1164 usum
524 1131 632 1163 esse
669 1114 846 1163 dixisti.
921 1118 1075 1163 Erant
1111 1116 1314 1177 quidem
1355 1114 1438 1161 illa
1476 1123 1634 1161 castra
1675 1113 1823 1175 plena

142 1212 314 1244 curae:
339 1213 508 1244 verum
533 1206 697 1245 tamen
725 1197 954 1245 homines
979 1197 1201 1259 quamvis
1228 1199 1279 1244 in
1303 1195 1510 1245 turbidis
1537 1197 1683 1244 rebus
1710 1195 1820 1253 sint,

143 1286 322 1336 tamen,
351 1277 391 1325 si
426 1278 578 1326 modo
614 1278 840 1326 homines
878 1288 1003 1337 sunt,
1033 1279 1281 1326 interdum
1318 1277 1493 1326 animis
1529 1278 1817 1324 relaxantur.

82 1374 116 1396 1·
144 1359 295 1419 Quod
340 1367 506 1405 autem
554 1357 687 1405 idem
742 1357 1038 1405 maestitiam
1087 1374 1249 1405 meam
1309 1356 1636 1419 reprehendit,
1685 1356 1818 1404 idem
1837 1355 1899 1403 40

144 1438 321 1497 iocum,
349 1454 528 1501 magno
564 1449 854 1500 argumento
890 1449 963 1487 est
1000 1456 1079 1487 me
1116 1439 1167 1486 in
1198 1448 1407 1500 utroque
1432 1437 1579 1486 fuisse
1605 1437 1823 1485 modera-

145 1530 261 1570 tum.

252 1601 595 1650 Hereditatem
638 1599 759 1649 mihi
803 1601 992 1664 negasti
1030 1601 1208 1649 venire.
1299 1599 1507 1649 Utinam
1545 1601 1642 1647 hoc
1682 1608 1823 1647 tuum

145 1699 313 1731 verum
338 1682 522 1731 crimen
555 1693 684 1731 esset
705 1687 713 1730 Ξ
750 1685 913 1745 plures
939 1682 1084 1731 amici
1109 1682 1206 1730 mei
1232 1692 1280 1730 et
1306 1681 1566 1730 necessarii
1590 1681 1817 1729 viverent.

144 1764 242 1812 Sed
283 1763 367 1825 qui
404 1762 529 1810 istuc
567 1762 653 1810 tibi
693 1762 826 1811 venit
863 1761 915 1810 in
953 1766 1209 1811 mentem?
1291 1763 1399 1824 Ego
1441 1761 1575 1810 enim
1614 1762 1823 1823 amplius

145 1843 420 1892 sestertium
447 1843 736 1892 ducentiens
762 1853 1023 1905 acceptum
1042 1842 1396 1892 hereditatibus
1412 1842 1585 1891 rettuli.
1643 1842 1824 1902 Quam-

145 1945 294 1991 quam
330 1927 380 1975 in
417 1929 512 1976 hoc
548 1944 725 1991 genere
760 1929 916 1976 fateor
957 1928 1225 1976 feliciorem
1269 1944 1375 1976 esse
1416 1937 1478 1976 te.
1552 1929 1639 1975 Me
1676 1942 1825 1974 nemo

144 2009 236 2058 nisi
271 2009 457 2058 amicus
493 2009 609 2058 fecit
642 2010 889 2068 heredem,
929 2019 982 2057 ut
1017 2025 1130 2056 cum
1166 2009 1250 2057 illo
1287 2009 1570 2068 commodo,
1607 2009 1647 2055 si
1689 2007 1824 2069 quod

146 2101 259 2151 erat,
286 2091 438 2140 animi
472 2091 674 2154 quidam
711 2093 853 2140 dolor
889 2091 1199 2153 iungeretur:
1236 2101 1284 2139 te
1307 2090 1362 2150 is,
1391 2106 1537 2152 quern
1574 2098 1627 2137 tu
1662 2087 1826 2137 vidisti

146 2188 432 2234 numquam,
460 2174 514 2220 L.
545 2171 760 2220 Rubrius
799 2172 1006 2221 Casinas
1041 2171 1157 2219 fecit
1197 2171 1444 2219 heredem.
1518 2172 1582 2218 Et
1620 2168 1823 2232 quidem
1841 2169 1902 2216 41

145 2253 273 2311 vide,
312 2269 461 2315 quarn
502 2262 552 2302 te
598 2253 772 2300 amarit
819 2252 873 2312 is,
918 2254 1001 2315 qui
1044 2254 1183 2300 albus
1224 2261 1393 2301 aterne
1432 2250 1577 2299 fuerit
1617 2251 1820 2313 ignoras.

146 2333 323 2382 Fratris
347 2333 499 2381 filium
524 2334 782 2396 praeteriit,
812 2334 871 2394 Q.
897 2335 1019 2392 Fufi,
1047 2332 1382 2381 honestissimi
1406 2332 1582 2394 equitis
1608 2331 1826 2380 Romani

147 2413 318 2477 suique
353 2413 648 2472 amicissimi,
684 2431 833 2477 quem
869 2415 1035 2477 palam
1070 2414 1303 2462 heredem
1340 2429 1535 2475 semper
1568 2411 1822 2472 factitarat,

146 2513 209 2546 ne
241 2496 463 2545 nominat
495 2496 725 2558 quidem:
769 2506 831 2555 te,
859 2512 1008 2558 quem
1045 2512 1318 2557 numquam
1353 2497 1540 2544 viderat
1575 2504 1657 2543 aut
1693 2504 1826 2543 certe

145 2593 414 2639 numquam
439 2578 744 2638 salutaverat,
774 2576 886 2625 fecit
912 2577 1159 2625 heredem.
1221 2575 1386 2624 Velim
1412 2575 1532 2623 mihi
1556 2575 1705 2634 dicas,
1732 2574 1825 2623 nisi

146 2659 408 2706 molestum
435 2667 520 2716 est,
549 2659 603 2706 L.
630 2657 883 2706 Turselius
910 2674 1006 2719 qua
1030 2656 1152 2705 facie
1183 2657 1340 2715 fuerit,
1368 2672 1466 2718 qua
1501 2665 1697 2715 statura,
1725 2672 1824 2717 quo

146 2737 429 2801 municipio,
474 2755 570 2800 qua
611 2737 752 2787 tribu.
846 2737 1024 2785 “Nihil
1066 2737 1212 2796 scio‚’'
1259 2737 1464 2799 inquies,
1516 2737 1649 2785 “nisi
1696 2753 1825 2799 quae

147 2817 349 2888 praedia
389 2817 660 2867 habuerit.”
749 2817 903 2881 Igitur
942 2819 1137 2867 fratrem
1179 2819 1483 2866 exheredans
1525 2827 1573 2866 te
1614 2817 1824 2869 faciebat
