<?xml version="1.0" encoding="UTF-8"?>
<!DOCTYPE html PUBLIC "-//W3C//DTD XHTML 1.0 Transitional//EN"
    "http://www.w3.org/TR/xhtml1/DTD/xhtml1-transitional.dtd">
<html xmlns="http://www.w3.org/1999/xhtml" xml:lang="en" lang="en">
 <head>
  <title>
</title>
<meta http-equiv="Content-Type" content="text/html;charset=utf-8" />
  <meta name='ocr-system' content='tesseract 3.04.00' />
  <meta name='ocr-capabilities' content='ocr_page ocr_carea ocr_par ocr_line ocrx_word'/>
</head>
<body>
  <div class='ocr_page' id='page_1' title='image "./oratiophilippica00ciceuoft_0035.png"; bbox 0 0 2023 3132; ppageno 0'>
   <div class='ocr_carea' id='block_1_1' title="bbox 173 90 1842 160">
    <p class='ocr_par' dir='ltr' id='par_1_1' title="bbox 173 90 1842 160">
     <span class='ocr_line' id='line_1_1' title="bbox 173 90 1842 160; baseline -0.004 -17"><span class='ocrx_word' id='word_1_1' title='bbox 173 96 310 143; x_wconf 95' lang='lat' dir='ltr'><strong>VIII</strong></span> <span class='ocrx_word' id='word_1_2' title='bbox 340 111 360 142; x_wconf 82' lang='lat'>1</span> <span class='ocrx_word' id='word_1_3' title='bbox 370 93 421 160; x_wconf 92' lang='lat'>9]</span> <span class='ocrx_word' id='word_1_4' title='bbox 492 96 632 144; x_wconf 73' lang='grc' dir='ltr'>ΘΚΑ</span> <span class='ocrx_word' id='word_1_5' title='bbox 643 95 766 143; x_wconf 82' lang='grc' dir='ltr'>ΤῘΟ</span> <span class='ocrx_word' id='word_1_6' title='bbox 810 93 1250 142; x_wconf 85' lang='lat' dir='ltr'>PHILIPPICA</span> <span class='ocrx_word' id='word_1_7' title='bbox 1299 90 1673 140; x_wconf 84' lang='lat' dir='ltr'>SECUNDA.</span> <span class='ocrx_word' id='word_1_8' title='bbox 1814 101 1842 151; x_wconf 88' lang='lat'><strong>7</strong></span> 
     </span>
    </p>
   </div>
   <div class='ocr_carea' id='block_1_2' title="bbox 112 199 1932 2864">
    <p class='ocr_par' dir='ltr' id='par_1_2' title="bbox 112 199 1931 1888">
     <span class='ocr_line' id='line_1_2' title="bbox 174 199 1847 259; baseline -0.003 -7"><span class='ocrx_word' id='word_1_9' title='bbox 174 205 438 253; x_wconf 85' lang='lat' dir='ltr'>afferebam</span> <span class='ocrx_word' id='word_1_10' title='bbox 474 202 676 252; x_wconf 90' lang='lat' dir='ltr'>senatui.</span> <span class='ocrx_word' id='word_1_11' title='bbox 750 203 796 251; x_wconf 91' lang='lat' dir='ltr'>O</span> <span class='ocrx_word' id='word_1_12' title='bbox 833 201 994 259; x_wconf 93' lang='lat' dir='ltr'>miser,</span> <span class='ocrx_word' id='word_1_13' title='bbox 1019 201 1120 249; x_wconf 90' lang='lat' dir='ltr'>sive</span> <span class='ocrx_word' id='word_1_14' title='bbox 1155 199 1237 247; x_wconf 90' lang='lat' dir='ltr'>illa</span> <span class='ocrx_word' id='word_1_15' title='bbox 1272 199 1361 247; x_wconf 92' lang='lat' dir='ltr'>tibi</span> <span class='ocrx_word' id='word_1_16' title='bbox 1396 208 1516 248; x_wconf 88' lang='lat' dir='ltr'>nota</span> <span class='ocrx_word' id='word_1_17' title='bbox 1539 215 1641 247; x_wconf 93' lang='lat' dir='ltr'>non</span> <span class='ocrx_word' id='word_1_18' title='bbox 1665 207 1847 247; x_wconf 88' lang='lat' dir='ltr'>sunt—-</span> 
     </span>
     <span class='ocr_line' id='line_1_3' title="bbox 174 279 1846 342; baseline -0.004 -10"><span class='ocrx_word' id='word_1_19' title='bbox 174 284 296 332; x_wconf 89' lang='lat' dir='ltr'>nihil</span> <span class='ocrx_word' id='word_1_20' title='bbox 332 284 464 332; x_wconf 90' lang='lat' dir='ltr'>enim</span> <span class='ocrx_word' id='word_1_21' title='bbox 499 283 619 333; x_wconf 91' lang='lat' dir='ltr'>boni</span> <span class='ocrx_word' id='word_1_22' title='bbox 655 281 955 331; x_wconf 90' lang='lat' dir='ltr'>nosti—sive</span> <span class='ocrx_word' id='word_1_23' title='bbox 992 290 1121 339; x_wconf 90' lang='lat' dir='ltr'>sunt,</span> <span class='ocrx_word' id='word_1_24' title='bbox 1149 280 1234 342; x_wconf 90' lang='lat' dir='ltr'>qui</span> <span class='ocrx_word' id='word_1_25' title='bbox 1268 281 1402 342; x_wconf 92' lang='lat' dir='ltr'>apud</span> <span class='ocrx_word' id='word_1_26' title='bbox 1436 279 1546 328; x_wconf 90' lang='lat' dir='ltr'>talis</span> <span class='ocrx_word' id='word_1_27' title='bbox 1580 279 1708 328; x_wconf 90' lang='lat' dir='ltr'>viros</span> <span class='ocrx_word' id='word_1_28' title='bbox 1744 288 1846 327; x_wconf 89' lang='lat' dir='ltr'>tam</span> 
     </span>
     <span class='ocr_line' id='line_1_4' title="bbox 175 361 1847 428; baseline -0.003 -15"><span class='ocrx_word' id='word_1_29' title='bbox 175 365 488 428; x_wconf 91' lang='lat' dir='ltr'>impudenter</span> <span class='ocrx_word' id='word_1_30' title='bbox 532 366 766 426; x_wconf 81' lang='lat' dir='ltr'>loquare!</span> <span class='ocrx_word' id='word_1_31' title='bbox 857 362 979 424; x_wconf 84' lang='lat' dir='ltr'>Quis</span> <span class='ocrx_word' id='word_1_32' title='bbox 1027 361 1159 410; x_wconf 91' lang='lat' dir='ltr'>enim</span> <span class='ocrx_word' id='word_1_33' title='bbox 1210 377 1362 424; x_wconf 84' lang='lat' dir='ltr'>eques</span> <span class='ocrx_word' id='word_1_34' title='bbox 1417 363 1689 419; x_wconf 89' lang='lat' dir='ltr'>Romanus,</span> <span class='ocrx_word' id='word_1_35' title='bbox 1739 361 1847 423; x_wconf 90' lang='lat' dir='ltr'>quis</span> 
     </span>
     <span class='ocr_line' id='line_1_5' title="bbox 174 440 1846 507; baseline -0.002 -15"><span class='ocrx_word' id='word_1_36' title='bbox 174 454 364 507; x_wconf 90' lang='lat' dir='ltr'>praeter</span> <span class='ocrx_word' id='word_1_37' title='bbox 409 454 459 493; x_wconf 91' lang='lat' dir='ltr'>te</span> <span class='ocrx_word' id='word_1_38' title='bbox 504 445 792 492; x_wconf 84' lang='lat' dir='ltr'><strong>adulescens</strong></span> <span class='ocrx_word' id='word_1_39' title='bbox 839 442 1032 503; x_wconf 90' lang='lat' dir='ltr'>nobilis,</span> <span class='ocrx_word' id='word_1_40' title='bbox 1073 444 1182 504; x_wconf 90' lang='lat' dir='ltr'>quis</span> <span class='ocrx_word' id='word_1_41' title='bbox 1230 441 1373 489; x_wconf 90' lang='lat' dir='ltr'>ullius</span> <span class='ocrx_word' id='word_1_42' title='bbox 1421 441 1618 502; x_wconf 88' lang='lat' dir='ltr'>ordinis,</span> <span class='ocrx_word' id='word_1_43' title='bbox 1664 440 1750 503; x_wconf 88' lang='lat' dir='ltr'>qui</span> <span class='ocrx_word' id='word_1_44' title='bbox 1794 457 1846 489; x_wconf 89' lang='lat' dir='ltr'>se</span> 
     </span>
     <span class='ocr_line' id='line_1_6' title="bbox 131 521 1847 584; baseline -0.003 -10"><span class='ocrx_word' id='word_1_45' title='bbox 131 553 150 582; x_wconf 85' lang='lat'>5</span> <span class='ocrx_word' id='word_1_46' title='bbox 175 526 331 574; x_wconf 92' lang='lat' dir='ltr'>civem</span> <span class='ocrx_word' id='word_1_47' title='bbox 356 542 463 574; x_wconf 90' lang='lat' dir='ltr'>esse</span> <span class='ocrx_word' id='word_1_48' title='bbox 488 525 803 584; x_wconf 83' lang='lat' dir='ltr'>meminisset,</span> <span class='ocrx_word' id='word_1_49' title='bbox 832 541 945 572; x_wconf 92' lang='lat' dir='ltr'>cum</span> <span class='ocrx_word' id='word_1_50' title='bbox 971 534 1169 572; x_wconf 88' lang='lat' dir='ltr'>senatus</span> <span class='ocrx_word' id='word_1_51' title='bbox 1193 522 1244 570; x_wconf 94' lang='lat' dir='ltr'>in</span> <span class='ocrx_word' id='word_1_52' title='bbox 1276 524 1372 571; x_wconf 94' lang='lat' dir='ltr'>hoc</span> <span class='ocrx_word' id='word_1_53' title='bbox 1408 524 1593 584; x_wconf 91' lang='lat' dir='ltr'>templo</span> <span class='ocrx_word' id='word_1_54' title='bbox 1630 532 1771 580; x_wconf 89' lang='lat' dir='ltr'>esset,</span> <span class='ocrx_word' id='word_1_55' title='bbox 1796 521 1847 569; x_wconf 91' lang='lat' dir='ltr'>in</span> 
     </span>
     <span class='ocr_line' id='line_1_7' title="bbox 177 604 1849 669; baseline -0.002 -15"><span class='ocrx_word' id='word_1_56' title='bbox 177 609 303 655; x_wconf 94' lang='lat' dir='ltr'>clivo</span> <span class='ocrx_word' id='word_1_57' title='bbox 335 606 615 669; x_wconf 89' lang='lat' dir='ltr'>Capitolino</span> <span class='ocrx_word' id='word_1_58' title='bbox 641 623 742 655; x_wconf 89' lang='lat' dir='ltr'>non</span> <span class='ocrx_word' id='word_1_59' title='bbox 772 605 896 654; x_wconf 89' lang='lat' dir='ltr'>fuit?</span> <span class='ocrx_word' id='word_1_60' title='bbox 932 605 1040 668; x_wconf 90' lang='lat' dir='ltr'>quis</span> <span class='ocrx_word' id='word_1_61' title='bbox 1070 621 1252 653; x_wconf 90' lang='lat' dir='ltr'>nomen</span> <span class='ocrx_word' id='word_1_62' title='bbox 1289 621 1390 653; x_wconf 92' lang='lat' dir='ltr'>non</span> <span class='ocrx_word' id='word_1_63' title='bbox 1425 604 1599 653; x_wconf 88' lang='lat' dir='ltr'>dedit?</span> <span class='ocrx_word' id='word_1_64' title='bbox 1668 606 1849 665; x_wconf 86' lang='lat' dir='ltr'>Quam-</span> 
     </span>
     <span class='ocr_line' id='line_1_8' title="bbox 176 685 1848 749; baseline -0.002 -14"><span class='ocrx_word' id='word_1_65' title='bbox 176 704 324 749; x_wconf 88' lang='lat' dir='ltr'><strong>quam</strong></span> <span class='ocrx_word' id='word_1_66' title='bbox 370 704 464 735; x_wconf 92' lang='lat' dir='ltr'>nec</span> <span class='ocrx_word' id='word_1_67' title='bbox 510 687 696 735; x_wconf 90' lang='lat' dir='ltr'>scribae</span> <span class='ocrx_word' id='word_1_68' title='bbox 744 687 978 744; x_wconf 85' lang='lat' dir='ltr'>sufficere,</span> <span class='ocrx_word' id='word_1_69' title='bbox 1026 702 1118 734; x_wconf 89' lang='lat' dir='ltr'>nec</span> <span class='ocrx_word' id='word_1_70' title='bbox 1164 687 1360 734; x_wconf 89' lang='lat' dir='ltr'>tabulae</span> <span class='ocrx_word' id='word_1_71' title='bbox 1407 685 1610 733; x_wconf 91' lang='lat' dir='ltr'>nomina</span> <span class='ocrx_word' id='word_1_72' title='bbox 1655 686 1848 733; x_wconf 90' lang='lat' dir='ltr'>illorum</span> 
     </span>
     <span class='ocr_line' id='line_1_9' title="bbox 176 765 1926 830; baseline -0.002 -15"><span class='ocrx_word' id='word_1_73' title='bbox 176 784 348 830; x_wconf 83' lang='lat' dir='ltr'>capere</span> <span class='ocrx_word' id='word_1_74' title='bbox 384 776 660 830; x_wconf 89' lang='lat' dir='ltr'>potuerunt.</span> <span class='ocrx_word' id='word_1_75' title='bbox 736 767 934 816; x_wconf 88' lang='lat' dir='ltr'>Etenim</span> <span class='ocrx_word' id='word_1_76' title='bbox 971 783 1083 814; x_wconf 93' lang='lat' dir='ltr'>cum</span> <span class='ocrx_word' id='word_1_77' title='bbox 1119 767 1344 814; x_wconf 89' lang='lat' dir='ltr'>homines</span> <span class='ocrx_word' id='word_1_78' title='bbox 1379 765 1548 814; x_wconf 88' lang='lat' dir='ltr'>nefarii</span> <span class='ocrx_word' id='word_1_79' title='bbox 1577 766 1638 813; x_wconf 93' lang='lat' dir='ltr'>de</span> <span class='ocrx_word' id='word_1_80' title='bbox 1663 765 1847 827; x_wconf 87' lang='lat' dir='ltr'>patriae</span> <span class='ocrx_word' id='word_1_81' title='bbox 1867 766 1926 812; x_wconf 79' lang='lat'>1¹7</span> 
     </span>
     <span class='ocr_line' id='line_1_10' title="bbox 176 846 1850 910; baseline -0.001 -15"><span class='ocrx_word' id='word_1_82' title='bbox 176 847 435 910; x_wconf 88' lang='lat' dir='ltr'>parricidio</span> <span class='ocrx_word' id='word_1_83' title='bbox 460 850 818 906; x_wconf 87' lang='lat' dir='ltr'>confiterentur,</span> <span class='ocrx_word' id='word_1_84' title='bbox 846 847 1155 896; x_wconf 89' lang='lat' dir='ltr'>consciorum</span> <span class='ocrx_word' id='word_1_85' title='bbox 1180 846 1387 906; x_wconf 90' lang='lat' dir='ltr'>indiciis,</span> <span class='ocrx_word' id='word_1_86' title='bbox 1415 863 1502 894; x_wconf 90' lang='lat' dir='ltr'>sua</span> <span class='ocrx_word' id='word_1_87' title='bbox 1537 863 1701 903; x_wconf 91' lang='lat' dir='ltr'>manu,</span> <span class='ocrx_word' id='word_1_88' title='bbox 1727 862 1850 894; x_wconf 91' lang='lat' dir='ltr'>voce</span> 
     </span>
     <span class='ocr_line' id='line_1_11' title="bbox 114 927 1848 992; baseline -0.001 -15"><span class='ocrx_word' id='word_1_89' title='bbox 114 956 155 977; x_wconf 85' lang='lat'>10</span> <span class='ocrx_word' id='word_1_90' title='bbox 176 946 334 992; x_wconf 92' lang='lat' dir='ltr'>paene</span> <span class='ocrx_word' id='word_1_91' title='bbox 357 929 624 978; x_wconf 91' lang='lat' dir='ltr'>litterarum</span> <span class='ocrx_word' id='word_1_92' title='bbox 650 929 821 988; x_wconf 91' lang='lat' dir='ltr'>coacti,</span> <span class='ocrx_word' id='word_1_93' title='bbox 842 946 892 978; x_wconf 92' lang='lat' dir='ltr'>se</span> <span class='ocrx_word' id='word_1_94' title='bbox 911 932 1082 977; x_wconf 90' lang='lat' dir='ltr'>urbem</span> <span class='ocrx_word' id='word_1_95' title='bbox 1106 929 1421 988; x_wconf 89' lang='lat' dir='ltr'>inflammare,</span> <span class='ocrx_word' id='word_1_96' title='bbox 1440 929 1569 976; x_wconf 89' lang='lat' dir='ltr'>cives</span> <span class='ocrx_word' id='word_1_97' title='bbox 1594 927 1848 988; x_wconf 89' lang='lat' dir='ltr'>trucidare,</span> 
     </span>
     <span class='ocr_line' id='line_1_12' title="bbox 175 1011 1847 1075; baseline 0 -15"><span class='ocrx_word' id='word_1_98' title='bbox 175 1023 363 1062; x_wconf 89' lang='lat' dir='ltr'>vastare</span> <span class='ocrx_word' id='word_1_99' title='bbox 389 1014 596 1074; x_wconf 90' lang='lat' dir='ltr'>Italiam,</span> <span class='ocrx_word' id='word_1_100' title='bbox 626 1014 788 1062; x_wconf 91' lang='lat' dir='ltr'>delere</span> <span class='ocrx_word' id='word_1_101' title='bbox 813 1030 916 1061; x_wconf 89' lang='lat' dir='ltr'>rem</span> <span class='ocrx_word' id='word_1_102' title='bbox 941 1014 1192 1075; x_wconf 88' lang='lat' dir='ltr'>publicam</span> <span class='ocrx_word' id='word_1_103' title='bbox 1217 1015 1525 1061; x_wconf 88' lang='lat' dir='ltr'>consensisse</span> <span class='ocrx_word' id='word_1_104' title='bbox 1535 1032 1547 1073; x_wconf 77' lang='lat'>3</span> <span class='ocrx_word' id='word_1_105' title='bbox 1573 1011 1680 1074; x_wconf 90' lang='lat' dir='ltr'>quis</span> <span class='ocrx_word' id='word_1_106' title='bbox 1706 1023 1847 1070; x_wconf 90' lang='lat' dir='ltr'>esset,</span> 
     </span>
     <span class='ocr_line' id='line_1_13' title="bbox 178 1094 1852 1156; baseline 0.001 -14"><span class='ocrx_word' id='word_1_107' title='bbox 178 1094 262 1156; x_wconf 90' lang='lat' dir='ltr'>qui</span> <span class='ocrx_word' id='word_1_108' title='bbox 300 1096 363 1143; x_wconf 92' lang='lat' dir='ltr'>ad</span> <span class='ocrx_word' id='word_1_109' title='bbox 400 1096 605 1143; x_wconf 89' lang='lat' dir='ltr'>salutem</span> <span class='ocrx_word' id='word_1_110' title='bbox 643 1111 957 1143; x_wconf 89' lang='lat' dir='ltr'>communem</span> <span class='ocrx_word' id='word_1_111' title='bbox 994 1096 1358 1143; x_wconf 85' lang='lat' dir='ltr'>defendendam</span> <span class='ocrx_word' id='word_1_112' title='bbox 1394 1112 1496 1143; x_wconf 92' lang='lat' dir='ltr'>non</span> <span class='ocrx_word' id='word_1_113' title='bbox 1528 1094 1852 1143; x_wconf 75' lang='lat' dir='ltr'>excitaretur?</span> 
     </span>
     <span class='ocr_line' id='line_1_14' title="bbox 177 1176 1852 1239; baseline 0.001 -17"><span class='ocrx_word' id='word_1_114' title='bbox 177 1176 459 1238; x_wconf 91' lang='lat' dir='ltr'>praesertim</span> <span class='ocrx_word' id='word_1_115' title='bbox 525 1193 637 1223; x_wconf 92' lang='lat' dir='ltr'>cum</span> <span class='ocrx_word' id='word_1_116' title='bbox 704 1186 901 1224; x_wconf 89' lang='lat' dir='ltr'>senatus</span> <span class='ocrx_word' id='word_1_117' title='bbox 961 1178 1274 1239; x_wconf 85' lang='lat' dir='ltr'>populusque</span> <span class='ocrx_word' id='word_1_118' title='bbox 1335 1178 1592 1224; x_wconf 86' lang='lat' dir='ltr'>Romanus</span> <span class='ocrx_word' id='word_1_119' title='bbox 1649 1176 1852 1224; x_wconf 91' lang='lat' dir='ltr'>haberet</span> 
     </span>
     <span class='ocr_line' id='line_1_15' title="bbox 178 1256 1852 1319; baseline -0.001 -14"><span class='ocrx_word' id='word_1_120' title='bbox 178 1258 371 1315; x_wconf 89' lang='lat' dir='ltr'>ducem,</span> <span class='ocrx_word' id='word_1_121' title='bbox 401 1257 555 1319; x_wconf 87' lang='lat' dir='ltr'>qualis</span> <span class='ocrx_word' id='word_1_122' title='bbox 580 1257 620 1305; x_wconf 91' lang='lat' dir='ltr'>si</span> <span class='ocrx_word' id='word_1_123' title='bbox 645 1257 728 1319; x_wconf 88' lang='lat' dir='ltr'>qui</span> <span class='ocrx_word' id='word_1_124' title='bbox 753 1274 884 1304; x_wconf 91' lang='lat' dir='ltr'>nunc</span> <span class='ocrx_word' id='word_1_125' title='bbox 910 1268 1051 1318; x_wconf 88' lang='lat' dir='ltr'>esset,</span> <span class='ocrx_word' id='word_1_126' title='bbox 1083 1258 1171 1305; x_wconf 91' lang='lat' dir='ltr'>tibi</span> <span class='ocrx_word' id='word_1_127' title='bbox 1204 1257 1336 1305; x_wconf 91' lang='lat' dir='ltr'>idem</span> <span class='ocrx_word' id='word_1_128' title='bbox 1374 1257 1508 1319; x_wconf 90' lang='lat' dir='ltr'>quod</span> <span class='ocrx_word' id='word_1_129' title='bbox 1544 1257 1637 1304; x_wconf 86' lang='lat' dir='ltr'>illis</span> <span class='ocrx_word' id='word_1_130' title='bbox 1673 1256 1852 1304; x_wconf 90' lang='lat' dir='ltr'>accidit</span> 
     </span>
     <span class='ocr_line' id='line_1_16' title="bbox 115 1337 1852 1400; baseline 0.001 -16"><span class='ocrx_word' id='word_1_131' title='bbox 115 1362 152 1392; x_wconf 88' lang='lat'>15</span> <span class='ocrx_word' id='word_1_132' title='bbox 176 1337 472 1400; x_wconf 87' lang='lat' dir='ltr'>contigisset.</span> <span class='ocrx_word' id='word_1_133' title='bbox 544 1339 625 1386; x_wconf 92' lang='lat' dir='ltr'>Ad</span> <span class='ocrx_word' id='word_1_134' title='bbox 662 1339 960 1400; x_wconf 88' lang='lat' dir='ltr'>sepulturam</span> <span class='ocrx_word' id='word_1_135' title='bbox 998 1355 1176 1400; x_wconf 87' lang='lat' dir='ltr'>corpus</span> <span class='ocrx_word' id='word_1_136' title='bbox 1212 1338 1371 1385; x_wconf 90' lang='lat' dir='ltr'>vitrici</span> <span class='ocrx_word' id='word_1_137' title='bbox 1408 1338 1482 1385; x_wconf 91' lang='lat' dir='ltr'>sui</span> <span class='ocrx_word' id='word_1_138' title='bbox 1525 1348 1672 1400; x_wconf 90' lang='lat' dir='ltr'>negat</span> <span class='ocrx_word' id='word_1_139' title='bbox 1708 1355 1738 1385; x_wconf 90' lang='lat' dir='ltr'>a</span> <span class='ocrx_word' id='word_1_140' title='bbox 1772 1354 1852 1386; x_wconf 91' lang='lat' dir='ltr'>me</span> 
     </span>
     <span class='ocr_line' id='line_1_17' title="bbox 178 1419 1849 1482; baseline 0.001 -16"><span class='ocrx_word' id='word_1_141' title='bbox 178 1419 360 1466; x_wconf 90' lang='lat' dir='ltr'>datum.</span> <span class='ocrx_word' id='word_1_142' title='bbox 436 1421 554 1467; x_wconf 93' lang='lat' dir='ltr'>Hoc</span> <span class='ocrx_word' id='word_1_143' title='bbox 589 1436 704 1468; x_wconf 93' lang='lat' dir='ltr'>vero</span> <span class='ocrx_word' id='word_1_144' title='bbox 742 1436 806 1468; x_wconf 92' lang='lat' dir='ltr'>ne</span> <span class='ocrx_word' id='word_1_145' title='bbox 850 1422 901 1467; x_wconf 89' lang='lat' dir='ltr'>P.</span> <span class='ocrx_word' id='word_1_146' title='bbox 947 1420 1148 1482; x_wconf 91' lang='lat' dir='ltr'>quidem</span> <span class='ocrx_word' id='word_1_147' title='bbox 1192 1419 1398 1469; x_wconf 91' lang='lat' dir='ltr'>Clodius</span> <span class='ocrx_word' id='word_1_148' title='bbox 1438 1420 1558 1467; x_wconf 85' lang='lat' dir='ltr'>dixit</span> <span class='ocrx_word' id='word_1_149' title='bbox 1600 1435 1849 1480; x_wconf 86' lang='lat' dir='ltr'>umquam.</span> 
     </span>
     <span class='ocr_line' id='line_1_18' title="bbox 179 1499 1852 1564; baseline -0.002 -15"><span class='ocrx_word' id='word_1_150' title='bbox 179 1502 356 1562; x_wconf 87' lang='lat' dir='ltr'>Quem,</span> <span class='ocrx_word' id='word_1_151' title='bbox 384 1502 498 1564; x_wconf 90' lang='lat' dir='ltr'>quia</span> <span class='ocrx_word' id='word_1_152' title='bbox 531 1502 635 1550; x_wconf 89' lang='lat' dir='ltr'>iure</span> <span class='ocrx_word' id='word_1_153' title='bbox 672 1502 716 1550; x_wconf 92' lang='lat' dir='ltr'>ei</span> <span class='ocrx_word' id='word_1_154' title='bbox 753 1502 980 1550; x_wconf 89' lang='lat' dir='ltr'>inimicus</span> <span class='ocrx_word' id='word_1_155' title='bbox 1015 1501 1097 1559; x_wconf 91' lang='lat' dir='ltr'>fui,</span> <span class='ocrx_word' id='word_1_156' title='bbox 1126 1502 1274 1549; x_wconf 91' lang='lat' dir='ltr'>doleo</span> <span class='ocrx_word' id='word_1_157' title='bbox 1310 1517 1340 1548; x_wconf 91' lang='lat' dir='ltr'>a</span> <span class='ocrx_word' id='word_1_158' title='bbox 1375 1510 1423 1549; x_wconf 93' lang='lat' dir='ltr'>te</span> <span class='ocrx_word' id='word_1_159' title='bbox 1459 1500 1689 1548; x_wconf 87' lang='lat' dir='ltr'>omnibus</span> <span class='ocrx_word' id='word_1_160' title='bbox 1724 1499 1852 1547; x_wconf 88' lang='lat' dir='ltr'>vitiis</span> 
     </span>
     <span class='ocr_line' id='line_1_19' title="bbox 177 1581 1931 1645; baseline -0.002 -14"><span class='ocrx_word' id='word_1_161' title='bbox 177 1599 284 1632; x_wconf 93' lang='lat' dir='ltr'>esse</span> <span class='ocrx_word' id='word_1_162' title='bbox 309 1593 604 1645; x_wconf 89' lang='lat' dir='ltr'>superatum.</span> <span class='ocrx_word' id='word_1_163' title='bbox 659 1583 759 1644; x_wconf 87' lang='lat' dir='ltr'>Qui</span> <span class='ocrx_word' id='word_1_164' title='bbox 784 1593 947 1631; x_wconf 90' lang='lat' dir='ltr'>autem</span> <span class='ocrx_word' id='word_1_165' title='bbox 972 1583 1060 1631; x_wconf 90' lang='lat' dir='ltr'>tibi</span> <span class='ocrx_word' id='word_1_166' title='bbox 1083 1581 1217 1630; x_wconf 87' lang='lat' dir='ltr'>venit</span> <span class='ocrx_word' id='word_1_167' title='bbox 1241 1582 1290 1629; x_wconf 92' lang='lat' dir='ltr'>in</span> <span class='ocrx_word' id='word_1_168' title='bbox 1316 1591 1534 1630; x_wconf 87' lang='lat' dir='ltr'>mentem</span> <span class='ocrx_word' id='word_1_169' title='bbox 1558 1581 1776 1643; x_wconf 84' lang='lat' dir='ltr'>redigere</span> <span class='ocrx_word' id='word_1_170' title='bbox 1800 1581 1850 1628; x_wconf 93' lang='lat' dir='ltr'>in</span> <span class='ocrx_word' id='word_1_171' title='bbox 1872 1581 1931 1628; x_wconf 88' lang='lat'>18</span> 
     </span>
     <span class='ocr_line' id='line_1_20' title="bbox 178 1663 1853 1724; baseline -0.002 -12"><span class='ocrx_word' id='word_1_172' title='bbox 178 1665 467 1713; x_wconf 88' lang='lat' dir='ltr'>memoriam</span> <span class='ocrx_word' id='word_1_173' title='bbox 493 1676 723 1724; x_wconf 89' lang='lat' dir='ltr'>nostram,</span> <span class='ocrx_word' id='word_1_174' title='bbox 750 1675 799 1713; x_wconf 92' lang='lat' dir='ltr'>te</span> <span class='ocrx_word' id='word_1_175' title='bbox 825 1664 960 1712; x_wconf 91' lang='lat' dir='ltr'>domi</span> <span class='ocrx_word' id='word_1_176' title='bbox 987 1667 1039 1712; x_wconf 91' lang='lat' dir='ltr'>P.</span> <span class='ocrx_word' id='word_1_177' title='bbox 1068 1663 1263 1712; x_wconf 88' lang='lat' dir='ltr'>Lentuli</span> <span class='ocrx_word' id='word_1_178' title='bbox 1289 1680 1394 1711; x_wconf 90' lang='lat' dir='ltr'>esse</span> <span class='ocrx_word' id='word_1_179' title='bbox 1420 1664 1720 1711; x_wconf 87' lang='lat' dir='ltr'>educatum?</span> <span class='ocrx_word' id='word_1_180' title='bbox 1772 1666 1853 1710; x_wconf 88' lang='lat' dir='ltr'>An</span> 
     </span>
     <span class='ocr_line' id='line_1_21' title="bbox 112 1744 1852 1808; baseline -0.001 -15"><span class='ocrx_word' id='word_1_181' title='bbox 112 1771 154 1793; x_wconf 89' lang='lat'>20</span> <span class='ocrx_word' id='word_1_182' title='bbox 176 1746 419 1806; x_wconf 89' lang='lat' dir='ltr'>verebare,</span> <span class='ocrx_word' id='word_1_183' title='bbox 438 1763 500 1794; x_wconf 91' lang='lat' dir='ltr'>ne</span> <span class='ocrx_word' id='word_1_184' title='bbox 519 1763 620 1795; x_wconf 92' lang='lat' dir='ltr'>non</span> <span class='ocrx_word' id='word_1_185' title='bbox 640 1756 922 1808; x_wconf 90' lang='lat' dir='ltr'>putaremus</span> <span class='ocrx_word' id='word_1_186' title='bbox 941 1755 1113 1794; x_wconf 89' lang='lat' dir='ltr'>natura</span> <span class='ocrx_word' id='word_1_187' title='bbox 1132 1755 1179 1794; x_wconf 90' lang='lat' dir='ltr'>te</span> <span class='ocrx_word' id='word_1_188' title='bbox 1204 1747 1423 1807; x_wconf 88' lang='lat' dir='ltr'>potuisse</span> <span class='ocrx_word' id='word_1_189' title='bbox 1448 1755 1548 1793; x_wconf 89' lang='lat' dir='ltr'>tam</span> <span class='ocrx_word' id='word_1_190' title='bbox 1573 1744 1852 1807; x_wconf 90' lang='lat' dir='ltr'>improbum</span> 
     </span>
     <span class='ocr_line' id='line_1_22' title="bbox 178 1826 1319 1888; baseline -0.002 -13"><span class='ocrx_word' id='word_1_191' title='bbox 178 1829 397 1885; x_wconf 88' lang='lat' dir='ltr'>evadere,</span> <span class='ocrx_word' id='word_1_192' title='bbox 425 1826 518 1875; x_wconf 92' lang='lat' dir='ltr'>nisi</span> <span class='ocrx_word' id='word_1_193' title='bbox 542 1827 827 1876; x_wconf 87' lang='lat' dir='ltr'>accessisset</span> <span class='ocrx_word' id='word_1_194' title='bbox 852 1826 998 1875; x_wconf 88' lang='lat' dir='ltr'>etiam</span> <span class='ocrx_word' id='word_1_195' title='bbox 1024 1827 1319 1888; x_wconf 87' lang='lat' dir='ltr'>disciplina?</span> 
     </span>
    </p>

    <p class='ocr_par' dir='ltr' id='par_1_3' title="bbox 177 1908 1855 2133">
     <span class='ocr_line' id='line_1_23' title="bbox 283 1908 1855 1967; baseline 0 -11"><span class='ocrx_word' id='word_1_196' title='bbox 283 1910 433 1957; x_wconf 87' lang='lat' dir='ltr'><strong>VIII.</strong></span> <span class='ocrx_word' id='word_1_197' title='bbox 506 1910 633 1956; x_wconf 86' lang='lat' dir='ltr'>Tam</span> <span class='ocrx_word' id='word_1_198' title='bbox 669 1918 832 1957; x_wconf 92' lang='lat' dir='ltr'>autem</span> <span class='ocrx_word' id='word_1_199' title='bbox 869 1925 973 1957; x_wconf 91' lang='lat' dir='ltr'>eras</span> <span class='ocrx_word' id='word_1_200' title='bbox 1011 1925 1194 1967; x_wconf 82' lang='lat' dir='ltr'>excors,</span> <span class='ocrx_word' id='word_1_201' title='bbox 1221 1919 1274 1957; x_wconf 92' lang='lat' dir='ltr'>ut</span> <span class='ocrx_word' id='word_1_202' title='bbox 1309 1918 1414 1957; x_wconf 92' lang='lat' dir='ltr'>tota</span> <span class='ocrx_word' id='word_1_203' title='bbox 1450 1908 1500 1956; x_wconf 90' lang='lat' dir='ltr'>in</span> <span class='ocrx_word' id='word_1_204' title='bbox 1526 1908 1745 1957; x_wconf 88' lang='lat' dir='ltr'>oratione</span> <span class='ocrx_word' id='word_1_205' title='bbox 1769 1918 1855 1957; x_wconf 91' lang='lat' dir='ltr'>tua</span> 
     </span>
     <span class='ocr_line' id='line_1_24' title="bbox 177 1989 1855 2054; baseline 0 -16"><span class='ocrx_word' id='word_1_206' title='bbox 177 1999 343 2038; x_wconf 91' lang='lat' dir='ltr'>tecum</span> <span class='ocrx_word' id='word_1_207' title='bbox 368 1990 473 2053; x_wconf 92' lang='lat' dir='ltr'>ipse</span> <span class='ocrx_word' id='word_1_208' title='bbox 497 2007 736 2054; x_wconf 88' lang='lat' dir='ltr'>pugnares</span> <span class='ocrx_word' id='word_1_209' title='bbox 755 2008 769 2050; x_wconf 88' lang='lat'>;</span> <span class='ocrx_word' id='word_1_210' title='bbox 806 2000 859 2038; x_wconf 92' lang='lat' dir='ltr'>ut</span> <span class='ocrx_word' id='word_1_211' title='bbox 884 2006 986 2038; x_wconf 92' lang='lat' dir='ltr'>non</span> <span class='ocrx_word' id='word_1_212' title='bbox 1011 1992 1163 2038; x_wconf 91' lang='lat' dir='ltr'>modo</span> <span class='ocrx_word' id='word_1_213' title='bbox 1190 2007 1291 2038; x_wconf 91' lang='lat' dir='ltr'>non</span> <span class='ocrx_word' id='word_1_214' title='bbox 1317 1989 1630 2038; x_wconf 86' lang='lat' dir='ltr'>cohaerentia</span> <span class='ocrx_word' id='word_1_215' title='bbox 1653 1990 1779 2038; x_wconf 90' lang='lat' dir='ltr'>inter</span> <span class='ocrx_word' id='word_1_216' title='bbox 1802 2006 1855 2038; x_wconf 92' lang='lat' dir='ltr'>se</span> 
     </span>
     <span class='ocr_line' id='line_1_25' title="bbox 180 2070 1855 2133; baseline -0.001 -13"><span class='ocrx_word' id='word_1_217' title='bbox 180 2072 380 2131; x_wconf 91' lang='lat' dir='ltr'>diceres,</span> <span class='ocrx_word' id='word_1_218' title='bbox 408 2073 497 2120; x_wconf 90' lang='lat' dir='ltr'>sed</span> <span class='ocrx_word' id='word_1_219' title='bbox 521 2074 731 2120; x_wconf 84' lang='lat' dir='ltr'>maxime</span> <span class='ocrx_word' id='word_1_220' title='bbox 757 2071 975 2119; x_wconf 89' lang='lat' dir='ltr'>diiuncta</span> <span class='ocrx_word' id='word_1_221' title='bbox 1004 2081 1151 2133; x_wconf 91' lang='lat' dir='ltr'>atque</span> <span class='ocrx_word' id='word_1_222' title='bbox 1187 2070 1427 2119; x_wconf 90' lang='lat' dir='ltr'>contraria</span> <span class='ocrx_word' id='word_1_223' title='bbox 1447 2089 1460 2131; x_wconf 79' lang='lat'>3</span> <span class='ocrx_word' id='word_1_224' title='bbox 1507 2080 1562 2118; x_wconf 92' lang='lat' dir='ltr'>ut</span> <span class='ocrx_word' id='word_1_225' title='bbox 1592 2087 1694 2118; x_wconf 90' lang='lat' dir='ltr'>non</span> <span class='ocrx_word' id='word_1_226' title='bbox 1719 2080 1855 2118; x_wconf 88' lang='lat' dir='ltr'>tanta</span> 
     </span>
    </p>

    <p class='ocr_par' dir='ltr' id='par_1_4' title="bbox 113 2151 1856 2539">
     <span class='ocr_line' id='line_1_26' title="bbox 113 2151 1854 2215; baseline -0.001 -15"><span class='ocrx_word' id='word_1_227' title='bbox 113 2178 153 2209; x_wconf 88' lang='lat'>25</span> <span class='ocrx_word' id='word_1_228' title='bbox 178 2169 387 2210; x_wconf 87' lang='lat' dir='ltr'>mecum,</span> <span class='ocrx_word' id='word_1_229' title='bbox 414 2163 598 2215; x_wconf 90' lang='lat' dir='ltr'>quanta</span> <span class='ocrx_word' id='word_1_230' title='bbox 622 2153 709 2201; x_wconf 91' lang='lat' dir='ltr'>tibi</span> <span class='ocrx_word' id='word_1_231' title='bbox 735 2163 899 2201; x_wconf 90' lang='lat' dir='ltr'>tecum</span> <span class='ocrx_word' id='word_1_232' title='bbox 926 2162 1053 2200; x_wconf 90' lang='lat' dir='ltr'>esset</span> <span class='ocrx_word' id='word_1_233' title='bbox 1083 2151 1336 2200; x_wconf 90' lang='lat' dir='ltr'>contentio</span> <span class='ocrx_word' id='word_1_234' title='bbox 1361 2156 1370 2199; x_wconf 77' lang='lat' dir='ltr'>l</span> <span class='ocrx_word' id='word_1_235' title='bbox 1439 2151 1680 2199; x_wconf 89' lang='lat' dir='ltr'>Vitricum</span> <span class='ocrx_word' id='word_1_236' title='bbox 1715 2161 1854 2199; x_wconf 92' lang='lat' dir='ltr'>tuum</span> 
     </span>
     <span class='ocr_line' id='line_1_27' title="bbox 179 2235 1849 2297; baseline -0.001 -15"><span class='ocrx_word' id='word_1_237' title='bbox 179 2235 327 2284; x_wconf 91' lang='lat' dir='ltr'>fuisse</span> <span class='ocrx_word' id='word_1_238' title='bbox 362 2235 413 2283; x_wconf 93' lang='lat' dir='ltr'>in</span> <span class='ocrx_word' id='word_1_239' title='bbox 450 2246 589 2284; x_wconf 89' lang='lat' dir='ltr'>tanto</span> <span class='ocrx_word' id='word_1_240' title='bbox 626 2238 809 2284; x_wconf 90' lang='lat' dir='ltr'>scelere</span> <span class='ocrx_word' id='word_1_241' title='bbox 844 2237 1074 2295; x_wconf 87' lang='lat' dir='ltr'>fatebare,</span> <span class='ocrx_word' id='word_1_242' title='bbox 1102 2252 1267 2297; x_wconf 91' lang='lat' dir='ltr'>poena</span> <span class='ocrx_word' id='word_1_243' title='bbox 1303 2237 1535 2283; x_wconf 86' lang='lat' dir='ltr'>affectum</span> <span class='ocrx_word' id='word_1_244' title='bbox 1572 2236 1849 2297; x_wconf 89' lang='lat' dir='ltr'>querebare.</span> 
     </span>
     <span class='ocr_line' id='line_1_28' title="bbox 181 2315 1855 2379; baseline 0 -16"><span class='ocrx_word' id='word_1_245' title='bbox 181 2317 260 2364; x_wconf 91' lang='lat' dir='ltr'>Ita</span> <span class='ocrx_word' id='word_1_246' title='bbox 305 2318 440 2378; x_wconf 91' lang='lat' dir='ltr'>quod</span> <span class='ocrx_word' id='word_1_247' title='bbox 488 2316 682 2379; x_wconf 85' lang='lat' dir='ltr'>proprie</span> <span class='ocrx_word' id='word_1_248' title='bbox 729 2332 893 2364; x_wconf 90' lang='lat' dir='ltr'>meum</span> <span class='ocrx_word' id='word_1_249' title='bbox 943 2325 1031 2374; x_wconf 90' lang='lat' dir='ltr'>est,</span> <span class='ocrx_word' id='word_1_250' title='bbox 1080 2315 1320 2363; x_wconf 88' lang='lat' dir='ltr'>laudasti:</span> <span class='ocrx_word' id='word_1_251' title='bbox 1380 2315 1517 2376; x_wconf 88' lang='lat' dir='ltr'>quod</span> <span class='ocrx_word' id='word_1_252' title='bbox 1575 2324 1732 2362; x_wconf 89' lang='lat' dir='ltr'>totum</span> <span class='ocrx_word' id='word_1_253' title='bbox 1780 2324 1855 2363; x_wconf 92' lang='lat' dir='ltr'>est</span> 
     </span>
     <span class='ocr_line' id='line_1_29' title="bbox 180 2395 1854 2458; baseline -0.001 -14"><span class='ocrx_word' id='word_1_254' title='bbox 180 2406 390 2454; x_wconf 90' lang='lat' dir='ltr'>senatus,</span> <span class='ocrx_word' id='word_1_255' title='bbox 429 2396 798 2458; x_wconf 90' lang='lat' dir='ltr'>reprehendisti.</span> <span class='ocrx_word' id='word_1_256' title='bbox 873 2398 1004 2443; x_wconf 92' lang='lat' dir='ltr'>Nam</span> <span class='ocrx_word' id='word_1_257' title='bbox 1041 2395 1418 2457; x_wconf 89' lang='lat' dir='ltr'>comprehensio</span> <span class='ocrx_word' id='word_1_258' title='bbox 1456 2395 1673 2443; x_wconf 91' lang='lat' dir='ltr'>sontium</span> <span class='ocrx_word' id='word_1_259' title='bbox 1714 2410 1854 2455; x_wconf 89' lang='lat' dir='ltr'>mea;</span> 
     </span>
     <span class='ocr_line' id='line_1_30' title="bbox 180 2474 1856 2539; baseline -0.002 -13"><span class='ocrx_word' id='word_1_260' title='bbox 180 2478 539 2526; x_wconf 89' lang='lat' dir='ltr'>animadversio</span> <span class='ocrx_word' id='word_1_261' title='bbox 581 2488 780 2526; x_wconf 91' lang='lat' dir='ltr'>senatus</span> <span class='ocrx_word' id='word_1_262' title='bbox 822 2477 923 2525; x_wconf 89' lang='lat' dir='ltr'>fuit.</span> <span class='ocrx_word' id='word_1_263' title='bbox 1018 2478 1192 2525; x_wconf 91' lang='lat' dir='ltr'>Homo</span> <span class='ocrx_word' id='word_1_264' title='bbox 1234 2475 1442 2524; x_wconf 88' lang='lat' dir='ltr'>disertus</span> <span class='ocrx_word' id='word_1_265' title='bbox 1482 2493 1584 2524; x_wconf 92' lang='lat' dir='ltr'>non</span> <span class='ocrx_word' id='word_1_266' title='bbox 1621 2474 1856 2539; x_wconf 87' lang='lat' dir='ltr'>intellegit</span> 
     </span>
    </p>

    <p class='ocr_par' dir='ltr' id='par_1_5' title="bbox 116 2555 1932 2864">
     <span class='ocr_line' id='line_1_31' title="bbox 116 2555 1854 2620; baseline -0.002 -13"><span class='ocrx_word' id='word_1_267' title='bbox 116 2585 158 2615; x_wconf 87' lang='lat'>30</span> <span class='ocrx_word' id='word_1_268' title='bbox 179 2575 308 2617; x_wconf 90' lang='lat' dir='ltr'>eum,</span> <span class='ocrx_word' id='word_1_269' title='bbox 335 2575 484 2620; x_wconf 90' lang='lat' dir='ltr'>quem</span> <span class='ocrx_word' id='word_1_270' title='bbox 509 2569 678 2607; x_wconf 90' lang='lat' dir='ltr'>contra</span> <span class='ocrx_word' id='word_1_271' title='bbox 701 2557 832 2618; x_wconf 89' lang='lat' dir='ltr'>dicit,</span> <span class='ocrx_word' id='word_1_272' title='bbox 861 2557 1050 2606; x_wconf 90' lang='lat' dir='ltr'>laudari</span> <span class='ocrx_word' id='word_1_273' title='bbox 1085 2574 1114 2604; x_wconf 90' lang='lat' dir='ltr'>a</span> <span class='ocrx_word' id='word_1_274' title='bbox 1151 2573 1225 2617; x_wconf 69' lang='lat' dir='ltr'>se,</span> <span class='ocrx_word' id='word_1_275' title='bbox 1261 2573 1361 2616; x_wconf 92' lang='lat' dir='ltr'>eos,</span> <span class='ocrx_word' id='word_1_276' title='bbox 1389 2557 1525 2619; x_wconf 89' lang='lat' dir='ltr'>apud</span> <span class='ocrx_word' id='word_1_277' title='bbox 1561 2572 1683 2618; x_wconf 91' lang='lat' dir='ltr'>quos</span> <span class='ocrx_word' id='word_1_278' title='bbox 1719 2555 1854 2614; x_wconf 93' lang='lat' dir='ltr'>dicit,</span> 
     </span>
     <span class='ocr_line' id='line_1_32' title="bbox 180 2637 1932 2702; baseline -0.002 -15"><span class='ocrx_word' id='word_1_279' title='bbox 180 2639 454 2702; x_wconf 88' lang='lat' dir='ltr'>vituperari.</span> <span class='ocrx_word' id='word_1_280' title='bbox 528 2642 636 2687; x_wconf 92' lang='lat' dir='ltr'>Iam</span> <span class='ocrx_word' id='word_1_281' title='bbox 670 2640 791 2688; x_wconf 92' lang='lat' dir='ltr'>illud</span> <span class='ocrx_word' id='word_1_282' title='bbox 827 2639 965 2687; x_wconf 90' lang='lat' dir='ltr'>cuius</span> <span class='ocrx_word' id='word_1_283' title='bbox 1000 2648 1086 2697; x_wconf 91' lang='lat' dir='ltr'>est,</span> <span class='ocrx_word' id='word_1_284' title='bbox 1125 2654 1228 2686; x_wconf 88' lang='lat' dir='ltr'>non</span> <span class='ocrx_word' id='word_1_285' title='bbox 1264 2638 1377 2686; x_wconf 90' lang='lat' dir='ltr'>dico</span> <span class='ocrx_word' id='word_1_286' title='bbox 1415 2637 1853 2699; x_wconf 90' lang='lat' dir='ltr'>audaciae—cupit</span> <span class='ocrx_word' id='word_1_287' title='bbox 1872 2637 1932 2684; x_wconf 89' lang='grc'>19</span> 
     </span>
     <span class='ocr_line' id='line_1_33' title="bbox 182 2717 1855 2779; baseline -0.002 -12"><span class='ocrx_word' id='word_1_288' title='bbox 182 2718 314 2767; x_wconf 88' lang='lat' dir='ltr'>enim</span> <span class='ocrx_word' id='word_1_289' title='bbox 349 2735 401 2767; x_wconf 93' lang='lat' dir='ltr'>se</span> <span class='ocrx_word' id='word_1_290' title='bbox 436 2721 756 2779; x_wconf 87' lang='lat' dir='ltr'>audacem—,</span> <span class='ocrx_word' id='word_1_291' title='bbox 786 2720 886 2777; x_wconf 90' lang='lat' dir='ltr'>sed,</span> <span class='ocrx_word' id='word_1_292' title='bbox 915 2719 1051 2779; x_wconf 90' lang='lat' dir='ltr'>quod</span> <span class='ocrx_word' id='word_1_293' title='bbox 1086 2718 1288 2767; x_wconf 88' lang='lat' dir='ltr'>minime</span> <span class='ocrx_word' id='word_1_294' title='bbox 1323 2720 1437 2776; x_wconf 90' lang='lat' dir='ltr'>volt,</span> <span class='ocrx_word' id='word_1_295' title='bbox 1477 2717 1721 2776; x_wconf 88' lang='lat' dir='ltr'>stultitiae,</span> <span class='ocrx_word' id='word_1_296' title='bbox 1759 2734 1855 2779; x_wconf 91' lang='lat' dir='ltr'>qua</span> 
     </span>
     <span class='ocr_line' id='line_1_34' title="bbox 185 2797 1856 2864; baseline -0.001 -17"><span class='ocrx_word' id='word_1_297' title='bbox 185 2799 335 2849; x_wconf 86' lang='lat' dir='ltr'>vincit</span> <span class='ocrx_word' id='word_1_298' title='bbox 370 2801 545 2860; x_wconf 89' lang='lat' dir='ltr'>omnis,</span> <span class='ocrx_word' id='word_1_299' title='bbox 582 2801 694 2849; x_wconf 89' lang='lat' dir='ltr'>clivi</span> <span class='ocrx_word' id='word_1_300' title='bbox 730 2800 999 2864; x_wconf 89' lang='lat' dir='ltr'>Capitolini</span> <span class='ocrx_word' id='word_1_301' title='bbox 1035 2799 1338 2849; x_wconf 89' lang='lat' dir='ltr'>mentionem</span> <span class='ocrx_word' id='word_1_302' title='bbox 1372 2801 1546 2859; x_wconf 87' lang='lat' dir='ltr'>facere,</span> <span class='ocrx_word' id='word_1_303' title='bbox 1584 2815 1696 2846; x_wconf 87' lang='lat' dir='ltr'>cum</span> <span class='ocrx_word' id='word_1_304' title='bbox 1730 2797 1856 2847; x_wconf 91' lang='lat' dir='ltr'>inter</span> 
     </span>
    </p>
   </div>
  </div>
 </body>
</html>
