2023 3132
123 141 154 184 4
758 127 1166 174 CICERONIS
1638 126 1735 193 [rv
1763 141 1788 190 7

121 233 254 280 aliud
278 233 445 280 tollere
471 248 530 280 ex
551 231 652 280 vita
675 229 803 280 vitae
828 232 1130 293 societatem,
1157 235 1326 283 tollere
1352 234 1623 283 amicorum
1648 239 1796 286 collo-

121 312 236 374 quia
269 311 583 360 absentium?
617 328 767 374 quam
803 314 959 361 multa
994 313 1104 362 ioca
1140 315 1300 363 solent
1329 331 1436 363 esse
1471 314 1522 362 in
1558 315 1792 377 epistulis,

121 407 248 453 quae
282 393 470 454 prolata
515 390 555 439 si
591 390 701 450 sint,
740 392 910 454 inepta
945 392 1232 441 videantur!
1282 409 1431 455 quam
1467 397 1623 443 multa
1657 395 1794 455 seria,

66 475 96 520 8
122 489 281 535 neque
306 482 471 520 tamen
495 473 596 520 ullo
621 473 773 521 modo
810 473 1139 536 divolganda!
1209 474 1279 523 Sit
1304 475 1398 522 hoc
1423 472 1794 524 inhumanitatis

120 563 232 601 tuae
253 573 262 602 :
298 552 548 601 stultitiam
574 553 912 602 incredibilem
936 554 1113 602 videte.
1178 554 1314 615 Quid
1340 555 1490 603 habes
1517 556 1654 617 quod
1678 555 1798 603 mihi
1822 580 1842 611 5

120 649 361 696 opponas,
404 633 556 679 homo
604 632 798 691 diserte,
842 643 895 681 ut
942 633 1114 682 Tironi
1157 643 1206 681 et
1249 636 1495 682 Mustelae
1542 634 1640 682 iam
1688 651 1794 684 esse

119 714 332 763 videris?
366 713 450 775 qui
475 729 587 760 cum
613 714 710 761 hoc
734 713 841 775 ipso
866 723 1090 776 tempore
1115 723 1245 763 stent
1270 731 1384 762 cum
1408 715 1584 777 gladiis
1609 716 1658 763 in
1683 732 1797 764 con-

119 804 290 857 spectu
314 805 524 854 senatus,
545 810 636 857 ego
661 811 860 856 quoque
886 804 935 843 te
960 795 1194 844 disertum
1218 797 1420 858 putabo,
1440 796 1480 844 si
1505 796 1794 857 ostenderis,

119 877 374 938 quomodo
399 875 462 923 sis
488 892 573 924 eos
597 876 723 925 inter
746 876 942 924 sicarios
967 879 1268 926 defensurus.
1314 879 1409 926 Sed
1432 878 1550 941 quid
1569 895 1796 940 opponas

118 959 332 1015 tandem,
361 956 401 1005 si
425 974 597 1020 negem
633 974 712 1006 me
745 975 982 1020 umquam
1019 960 1083 1007 ad
1119 969 1167 1008 te
1199 957 1316 1007 istas
1351 959 1534 1007 litteras
1570 959 1797 1008 misisse?
1822 987 1863 1008 10

120 1041 234 1101 Quo
270 1056 351 1087 me
386 1048 510 1087 teste
546 1039 845 1087 convincas?
913 1042 995 1087 An
1031 1039 1395 1102 chirographo?
1430 1039 1480 1087 in
1515 1056 1614 1102 quo
1643 1041 1796 1089 habes

118 1120 372 1169 scientiam
398 1129 757 1182 quaestuosam.
813 1120 912 1181 Qui
936 1121 1130 1183 possis?
1165 1131 1277 1169 sunt
1297 1120 1429 1169 enim
1448 1120 1611 1168 librari
1629 1137 1793 1169 manu.

120 1205 227 1249 Iam
262 1201 460 1250 invideo
497 1200 728 1263 magistro
765 1211 863 1260 tuo,
904 1201 988 1264 qui
1024 1212 1073 1250 te
1109 1212 1246 1250 tanta
1280 1203 1536 1262 mercede‚·
1561 1211 1796 1264 quantam

63 1285 90 1331 9
115 1283 212 1331 iam
249 1284 503 1346 proferam,
543 1281 664 1329 nihil
699 1299 870 1345 sapere
906 1285 1096 1332 doceat.
1172 1283 1306 1344 Quid
1345 1283 1477 1331 enim
1521 1293 1594 1331 est
1634 1282 1796 1330 minus

118 1381 219 1413 non
255 1364 368 1412 dico
405 1363 621 1423 oratoris,
649 1365 737 1412 sed
773 1365 1002 1424 hominis,
1030 1381 1179 1427 quam
1204 1365 1256 1412 id
1281 1364 1476 1413 obicere
1501 1363 1793 1424 adversario,
1822 1387 1862 1418 15

118 1447 253 1509 quod
287 1445 368 1493 ille
404 1444 443 1493 si
478 1448 629 1494 verbo
666 1446 868 1509 negarit,
895 1447 1087 1510 longius
1123 1445 1351 1509 progredi
1386 1463 1490 1495 non
1513 1446 1682 1510 possit,
1711 1446 1796 1508 qui

118 1525 387 1576 obiecerit?
453 1529 520 1574 At
555 1542 646 1589 ego
682 1543 786 1575 non
822 1544 978 1591 nego:
1016 1537 1165 1590 teque
1201 1527 1251 1576 in
1286 1528 1381 1576 isto
1418 1528 1527 1590 ipso
1551 1527 1796 1577 convinco

117 1624 220 1657 non
255 1607 623 1656 inhumanitatis
659 1609 832 1667 solum,
859 1610 946 1657 sed
970 1608 1119 1658 etiam
1144 1609 1402 1658 amentiae.
1478 1611 1627 1671 Quod
1663 1608 1796 1657 enim

118 1690 322 1738 verbum
357 1688 407 1736 in
441 1687 544 1736 istis
580 1689 751 1737 litteris
787 1699 860 1738 est
900 1706 1003 1738 non
1041 1692 1244 1752 plenum
1279 1690 1614 1751 humanitatis,
1652 1691 1794 1750 offici,

118 1769 528 1820 benevolentiae?
597 1772 762 1819 Omne
785 1780 950 1819 autem
976 1771 1160 1820 crimen
1186 1781 1324 1819 tuum
1362 1781 1448 1829 est,
1476 1772 1612 1834 quod
1647 1772 1710 1820 de
1746 1783 1796 1821 te
1821 1798 1862 1820 ω

117 1852 169 1901 in
192 1852 267 1900 his
292 1851 460 1900 litteris
485 1868 586 1900 non
618 1853 746 1900 male
782 1852 1087 1913 existimem,
1125 1854 1260 1915 quod
1296 1851 1506 1900 scribam
1541 1861 1795 1915 tamquam

119 1935 184 1983 ad
224 1933 394 1992 civem,
439 1942 692 1995 tamquam
739 1935 804 1982 ad
852 1936 1040 1982 bonum
1082 1933 1253 1995 virum,
1295 1951 1396 1983 non
1438 1943 1690 1997 tamquam
1731 1936 1796 1984 ad

119 2017 407 2065 sceleratum
454 2024 503 2063 et
549 2016 802 2063 latronem.
899 2017 968 2063 At
1014 2032 1106 2078 ego
1154 2025 1261 2064 tuas
1308 2015 1507 2074 litteras,
1556 2015 1646 2064 etsi
1691 2015 1796 2065 iure

119 2106 339 2160 poteram
376 2113 406 2143 a
439 2105 488 2144 te
521 2096 788 2156 lacessitus,
815 2105 983 2145 tamen
1017 2113 1119 2145 non
1154 2099 1430 2159 proferam:
1466 2097 1643 2160 quibus
1668 2098 1796 2160 petis

120 2188 174 2227 ut
198 2177 286 2226 tibi
311 2193 398 2240 per
422 2193 500 2225 me
519 2176 664 2225 liceat
683 2179 933 2240 quendam
953 2179 1017 2226 de
1035 2178 1205 2226 exsilio
1224 2180 1471 2235 reducere,
1489 2178 1797 2241 adiurasque,
1821 2204 1863 2236 25

122 2259 173 2307 id
208 2268 256 2307 te
292 2258 445 2306 invito
481 2274 562 2306 me
597 2274 698 2307 non
733 2274 841 2307 esse
876 2260 1132 2317 facturum,
1171 2259 1323 2321 idque
1359 2276 1388 2307 a
1425 2276 1506 2308 me
1546 2259 1792 2322 impetras

123 2340 257 2401 Quid
293 2338 425 2387 enim
461 2355 542 2387 me
575 2337 938 2401 interponerem
973 2339 1210 2388 audaciae
1246 2342 1397 2388 tuae?
1449 2356 1598 2402 quem
1633 2357 1796 2404 neque

123 2419 385 2468 auctoritas
420 2419 562 2467 huius
600 2419 797 2478 ordinis,
826 2436 988 2482 neque
1024 2420 1318 2469 existimatio
1353 2420 1526 2483 populi
1562 2422 1793 2480 Romani,

48 2503 107 2549 10
126 2517 286 2563 neque
311 2502 443 2562 leges
467 2501 594 2548 ullae
618 2509 821 2562 possent
845 2516 1084 2549 coercere.
1156 2503 1342 2549 Verum
1367 2510 1533 2550 tamen
1553 2500 1672 2563 quid
1695 2511 1796 2550 erat

124 2582 262 2644 quod
296 2597 376 2628 me
410 2596 617 2642 rogares,
655 2579 695 2627 si
730 2590 830 2629 erat
866 2580 921 2639 is,
947 2582 1011 2630 de
1047 2598 1146 2644 quo
1181 2584 1402 2644 rogabas,
1430 2582 1653 2631 Caesaris
1688 2583 1796 2644 lege
1819 2609 1863 2641 30

123 2662 389 2710 reductus?
458 2662 557 2709 Sed
579 2661 808 2710 videlicet
831 2678 994 2710 meam
1018 2662 1221 2724 gratiam
1245 2663 1400 2710 voluit
1436 2679 1572 2712 esse:
1606 2661 1658 2710 in
1693 2679 1795 2726 quo

126 2759 190 2791 ne
214 2740 364 2804 ipsius
389 2740 589 2803 quidem
614 2743 714 2789 ulla
737 2758 842 2790 esse
866 2752 1057 2804 poterat
1080 2745 1186 2805 lege
1211 2745 1321 2790 lata.

230 2824 291 2871 V.
364 2823 461 2871 Sed
486 2839 597 2870 cum
623 2822 757 2883 mihi,
783 2832 944 2885 patres
969 2824 1247 2887 conscripti,
1275 2834 1323 2873 et
1355 2840 1443 2887 pro
1479 2841 1559 2873 me
1593 2823 1792 2887 aliquid,
