2062 3132
180 87 408 134 XXXIX
437 83 550 151 100]
593 85 736 134 ΘΚΑ
750 86 799 131 T
788 87 827 132 I
826 86 870 133 O
892 84 1328 132 PHILIPPICA
1362 84 1453 131 SE
1463 84 1733 132 CUNDA.
1774 97 1833 146 35

179 209 350 242 eorum
365 191 547 242 reditus
566 191 860 254 inquinatos,
879 207 1086 253 quorum
1106 207 1329 241 caussam
1353 190 1534 242 Caesar
1553 190 1838 239 dissimilem

179 266 434 332 iudicarim
496 271 676 320 deinde
721 271 890 320 nescio
937 288 1021 319 cur
1067 287 1170 320 non
1215 273 1411 337 reliquis
1459 275 1592 322 idem
1638 271 1835 320 tribuas.

180 356 356 417 Neque
380 353 513 402 enim
537 355 645 415 plus
670 369 818 414 quam
842 362 938 400 tres
964 362 1046 401 aut
1072 363 1301 415 quattuor
1334 355 1507 417 reliqui
1542 362 1666 402 sunt.
1741 352 1841 414 Qui

178 435 325 483 simili
363 434 415 482 in
452 433 728 482 calamitate
771 442 897 492 sunt,
939 449 1025 480 cur
1061 443 1146 482 tua
1186 435 1519 484 misericordia
1557 451 1659 482 non
1697 432 1842 482 simili

135 540 154 571 5
177 517 437 564 fruuntur?
473 531 559 562 cur
594 530 677 562 eos
710 515 862 562 habes
895 514 946 561 in
979 515 1091 563 loco
1125 515 1322 577 patrui?
1357 518 1420 565 de
1445 532 1544 579 quo
1568 518 1703 570 ferre,
1728 530 1842 561 cum

181 599 244 646 de
268 595 465 658 reliquis
488 597 648 654 ferres,
677 594 875 643 noluisti
897 613 906 642 z
945 611 1093 657 quem
1119 596 1266 644 etiam
1291 598 1357 646 ad
1388 613 1642 646 censuram
1677 605 1844 657 peten-

180 679 295 726 dam
319 676 570 739 impulisti,
598 692 806 738 eamque
831 675 1123 738 petitionem
1147 677 1454 739 comparasti,
1483 693 1609 740 quae
1641 685 1689 724 et
1720 676 1842 724 risus

177 758 431 807 hominum
456 768 505 806 et
529 759 769 820 querellas
794 767 1026 806 moveret.
1102 759 1203 807 Cur
1237 769 1403 806 autem
1429 776 1486 807 ea
1511 758 1710 806 comitia
1743 773 1845 804 non
1872 756 1933 802 99

179 839 419 887 habuisti?
443 856 505 887 an
525 838 640 901 quia
658 838 879 886 tribunus
899 837 1056 899 plebis
1078 837 1322 886 sinistrum
1346 840 1531 886 fulmen
1557 837 1844 886 nuntiabat?

114 946 154 966 10
178 921 306 968 Cum
330 928 413 967 tua
437 918 555 982 quid
577 918 791 976 interest,
818 919 951 965 nulla
975 917 1193 980 auspicia
1217 928 1328 966 sunt
1337 935 1350 976 ,-
1376 935 1487 966 cum
1513 927 1722 977 tuorum,
1741 928 1844 965 turn

179 1001 236 1047 fis
260 999 523 1062 religiosus.
578 998 740 1059 Quid?
764 998 978 1046 eundem
1003 998 1053 1045 in
1080 998 1425 1061 septemviratu
1449 1015 1616 1047 nonne
1641 997 1842 1047 destitu-

179 1079 295 1129 isti?
364 1079 633 1128 Intervenit
669 1078 814 1137 enim,
843 1077 922 1126 cui
957 1078 1185 1139 metuisti,
1217 1079 1379 1137 credo,
1414 1096 1476 1127 ne
1513 1080 1647 1127 salvo
1683 1077 1845 1140 capite

179 1177 358 1223 negare
398 1177 500 1208 non
541 1176 723 1221 posses.
801 1159 1044 1208 Omnibus
1094 1176 1208 1208 eum
1255 1160 1568 1209 contumeliis
1616 1158 1843 1218 onerasti,

179 1257 328 1302 quem
362 1238 511 1302 patris
547 1241 671 1297 loco,
702 1238 741 1287 si
777 1240 875 1286 ulla
910 1239 960 1286 in
996 1249 1043 1288 te
1068 1237 1227 1302 pietas
1254 1250 1394 1298 esset,
1422 1241 1584 1288 colere
1610 1241 1840 1288 debebas.

114 1347 152 1377 ις
178 1321 350 1368 Filiam
376 1320 495 1377 eius,
522 1335 741 1368 sororem
773 1328 922 1378 tuam,
951 1319 1149 1380 eiecisti,
1176 1320 1271 1368 alia
1305 1320 1590 1370 conditione
1626 1321 1846 1383 quaesita

179 1410 228 1449 et
252 1410 366 1448 ante
390 1408 659 1462 perspecta.
732 1401 851 1447 Non
876 1408 949 1447 est
975 1399 1103 1447 satis.
1178 1400 1350 1448 Probri
1385 1400 1675 1448 insimulasti
1710 1399 1846 1462 pudi-

179 1483 422 1531 cissimam
448 1482 693 1530 feminam.
752 1481 887 1542 Quid
912 1491 1000 1541 est,
1023 1482 1159 1544 quod
1184 1482 1300 1530 addi
1323 1482 1516 1545 possit?
1567 1484 1845 1532 Contentus

181 1579 240 1612 eo
283 1579 384 1610 non
421 1562 568 1610 fuisti.
642 1560 1057 1623 Frequentissimo
1101 1572 1273 1610 senatu
1323 1560 1564 1609 Kalendis
1608 1560 1845 1608 Ianuariis

179 1645 381 1693 sedente
416 1652 605 1706 patruo,
636 1645 763 1691 hanc
799 1642 887 1691 tibi
923 1659 1028 1692 esse
1064 1660 1175 1691 cum
1214 1644 1475 1692 Dolabella
1506 1659 1729 1690 caussam
1763 1641 1846 1690 odi

112 1753 154 1774 20
177 1725 340 1774 dicere
375 1741 521 1773 ausus
557 1741 623 1784 es,
663 1725 798 1786 quod
834 1725 896 1772 ab
934 1741 993 1773 eo
1031 1723 1182 1772 sorori
1220 1734 1268 1773 et
1303 1724 1441 1772 uxori
1475 1733 1588 1772 tuae
1624 1733 1846 1786 stuprum

179 1809 401 1856 oblatum
449 1822 554 1855 esse
600 1806 932 1869 comperisses.
1027 1806 1148 1867 Quis
1195 1806 1499 1868 interpretari
1543 1816 1720 1869 potest,
1763 1807 1849 1854 im-

178 1886 518 1951 pudentiorne,
546 1886 629 1949 qui
653 1887 704 1934 in
728 1897 913 1947 senatu,
941 1903 1004 1934 an
1029 1886 1311 1949 improbior,
1334 1887 1416 1948 qui
1439 1886 1490 1934 in
1517 1889 1841 1946 Dolabellam,

183 1985 246 2017 an
271 1967 517 2029 impurior,
546 1966 630 2029 qui
653 1976 826 2030 patruo
856 1966 1098 2025 audiente,
1125 1984 1189 2014 an
1224 1966 1480 2028 crudelior,
1510 1967 1595 2029 qui
1628 1967 1680 2014 in
1714 1969 1846 2015 illam

179 2048 406 2096 miseram
431 2057 531 2096 tam
557 2064 746 2110 spurce,
773 2058 874 2095 tam
893 2046 1041 2110 impie
1066 2046 1278 2095 dixeris?

114 2155 154 2186 25
277 2130 518 2177 XXXIX.
589 2129 686 2177 Sed
710 2129 773 2177 ad
798 2128 1118 2190 chirographa
1141 2130 1412 2176 redeamus.
1492 2130 1630 2190 Quae
1655 2139 1738 2178 tua
1760 2129 1850 2178 fuit
1875 2131 1968 2178 100

181 2209 426 2272 cognitio?
461 2212 586 2257 Acta
607 2209 739 2257 enim
761 2210 984 2259 Caesaris
1009 2209 1144 2272 pacis
1169 2226 1343 2258 caussa
1368 2199 1657 2258 confirmata
1682 2222 1794 2259 sunt
1819 2229 1849 2260 a

181 2298 368 2346 senatu,
388 2304 512 2349 quae
532 2289 732 2349 quidem
754 2290 936 2337 Caesar
960 2287 1149 2351 egisset,
1169 2305 1271 2336 non
1297 2305 1366 2347 ea,
1390 2305 1517 2350 quae
1542 2289 1697 2351 egisse
1724 2292 1846 2339 Cae-

181 2387 338 2419 sarem
362 2369 561 2418 dixisset
587 2369 846 2418 AntoniUS.
905 2371 1057 2419 Unde
1083 2372 1175 2418 ista
1200 2372 1492 2432 erumpunt?
1526 2387 1625 2433 quo
1651 2381 1849 2421 auctore

181 2452 521 2515 proferuntur?
544 2450 583 2499 si
599 2461 711 2498 sunt
727 2453 861 2510 falsa,
880 2468 964 2500 cur
978 2453 1277 2515 probantur?
1307 2453 1346 2500 si
1361 2469 1487 2511 vera,
1507 2469 1592 2500 cur
1605 2456 1850 2502 veneunt?

114 2559 157 2591 30
179 2536 246 2582 At
261 2533 330 2581 sic
344 2533 606 2595 placuerat,
624 2543 678 2581 ut
696 2533 939 2582 Kalendis
961 2533 1114 2581 Iuniis
1132 2535 1194 2582 de
1213 2533 1435 2583 Caesaris
1455 2533 1575 2582 actis
1595 2550 1707 2582 cum
1733 2551 1848 2584 con-

183 2613 291 2662 silio
309 2613 680 2675 cognosceretis.
725 2614 876 2674 Quod
894 2613 983 2662 fuit
1002 2613 1292 2663 consilium?
1315 2631 1463 2677 quem
1482 2631 1718 2677 umquam
1734 2632 1846 2663 con-

181 2691 395 2740 vocasti?
419 2707 541 2754 quas
559 2693 813 2740 Kalendas
831 2692 998 2740 Iunias
1023 2692 1346 2755 exspectasti?
1370 2709 1433 2740 an
1455 2709 1549 2751 eaS,
1569 2693 1632 2740 ad
1652 2709 1773 2754 quas
1798 2703 1849 2743 te

182 2771 446 2837 peragratis
471 2782 811 2822 veteranorum
837 2774 1042 2823 coloniis
1068 2775 1300 2838 stipatum
1326 2775 1472 2823 armis
1497 2773 1759 2824 rettulisti?
