2023 3132
121 949 161 970 10

122 1348 160 1378 15

121 1754 162 1775 20

120 2153 160 2184 25

120 2556 163 2587 30

185 101 364 148 XXIV
388 97 473 164 59]
548 98 828 146 ORATIO
873 97 1312 145 PHILIPPICA
1362 96 1732 144 SECUNDA.
1789 112 1845 143 21

184 221 299 254 vero
334 196 502 252 ludere
536 220 649 251 cum
684 204 1018 251 condemnato
1053 218 1155 250 non
1190 202 1389 250 liceret!
1427 203 1516 250 sed
1542 211 1610 262 ut,
1641 202 1776 264 quod
1800 200 1852 249 in

184 286 291 333 alea
325 284 617 346 perdiderat,
644 282 887 331 beneficio
923 282 1043 344 legis
1079 281 1377 330 dissolveret.
1452 283 1615 342 Quam
1651 282 1855 331 attulisti

185 365 423 413 rationem
450 365 636 427 populo
663 366 894 411 Romano
920 379 1004 410 cur
1039 379 1153 411 eum
1187 361 1375 410 restitui
1410 364 1690 423 oporteret?
1759 364 1856 411 Ab·

185 453 375 492 sentem
401 445 549 491 credo
574 442 622 489 in
647 459 756 490 reos
781 444 1009 499 relatum;
1034 458 1137 490 rem
1162 441 1346 489 indicta
1370 457 1543 489 caussa
1566 441 1830 490 iudicatam
1840 460 1854 502 3

184 525 372 570 nullum
396 524 542 571 fuisse
568 523 631 570 de
656 523 762 570 alea
786 523 893 584 lege
918 521 1152 569 iudicium
1170 538 1183 579 3
1218 519 1264 568 vi
1290 536 1579 582 oppressum
1605 529 1652 568 et
1676 520 1821 567 armis
1839 539 1852 581 ;

186 613 448 666 postremo,
475 605 611 665 quod
646 604 708 651 de
745 613 919 665 patruo
955 611 1040 650 tuo
1078 601 1343 661 dicebatur,
1377 600 1585 663 pecunia
1620 600 1856 649 iudicium

186 700 292 733 esse
328 695 624 746 corruptum.
699 684 834 731 Nihil
870 685 1058 732 horum.
1131 686 1196 730 At
1220 683 1290 729 vir
1313 684 1487 740 bonus,
1516 691 1563 730 et
1587 698 1637 729 re
1662 681 1858 743 publica

185 761 372 823 dignus.
447 761 582 808 Nihil
605 760 655 808 id
681 761 880 822 quidem
905 761 969 809 ad
994 777 1095 808 rem
1119 777 1128 806 :
1164 776 1255 822 ego
1281 768 1460 817 tamen,
1487 758 1721 821 quoniam
1745 774 1859 806 con-

185 842 470 889 demnatum
506 857 612 889 esse
648 857 736 902 pro
773 840 927 888 nihilo
969 850 1054 897 est,
1092 840 1161 887 ita
1195 840 1509 901 ignoscerem.
1585 837 1856 886 Hominem

185 922 406 970 omnium
441 920 809 981 nequissimum,
848 921 931 981 qui
974 936 1075 967 non
1116 919 1359 967 dubitaret
1399 919 1477 966 vel
1516 917 1567 965 in
1606 919 1713 966 foro
1753 919 1858 965 alea

185 1003 369 1058 ludere,
397 1003 516 1064 lege,
545 1017 672 1062 quae
699 1010 770 1048 est
795 1001 858 1048 de
882 1002 1002 1059 alea,
1031 1001 1416 1047 condemnatum
1436 996 1520 1060 qui
1544 997 1593 1044 in
1618 997 1859 1059 integrum

185 1081 406 1140 restituit,
444 1081 485 1129 is
522 1098 622 1129 non
658 1080 960 1143 apertissime
996 1080 1210 1129 studium
1247 1096 1390 1127 suum
1428 1078 1534 1140 ipse
1574 1078 1860 1140 profitetur?

187 1164 248 1209 In
274 1162 450 1210 eodem
482 1178 596 1209 vero
634 1161 899 1219 tribunatu,
927 1176 1040 1207 curn
1079 1163 1258 1210 Caesar
1294 1159 1344 1206 in
1382 1158 1677 1220 Hispaniam
1712 1157 1934 1219 profi-57
2018 1210 2023 1218 .

187 1241 376 1290 ciscens
400 1242 514 1289 huic
541 1243 930 1290 conculcandam
959 1240 1152 1288 ltaliam
1177 1239 1466 1299 tradidisset,
1494 1255 1618 1301 quae
1642 1237 1729 1285 fuit
1755 1237 1859 1286 eius

184 1323 458 1386 peragratio
495 1323 752 1371 itinerum!
805 1323 1025 1370 lustratio
1061 1321 1473 1383 municipiorum!
1546 1320 1658 1368 Scio
1694 1336 1772 1368 me
1808 1319 1858 1366 in

186 1406 331 1453 rebus
367 1403 760 1452 celebratissimis
797 1402 1019 1451 omnium
1056 1419 1282 1450 sermone
1319 1400 1510 1459 versari,
1537 1417 1707 1462 eaque,
1734 1416 1861 1462 quae

185 1487 299 1535 dico
336 1486 653 1548 dicturusque
696 1503 818 1544 sum,
861 1488 1054 1534 notiora
1090 1502 1196 1534 esse
1232 1486 1473 1544 omnibus,
1512 1484 1596 1546 qui
1631 1483 1681 1531 in
1718 1483 1860 1531 Italia

184 1577 288 1616 tum
311 1568 519 1626 fuerunt,
537 1584 686 1629 quam
712 1567 847 1625 mihi,
871 1566 954 1629 qui
979 1583 1079 1614 non
1103 1566 1185 1616 fui.
1231 1568 1432 1615 Notabo
1458 1576 1624 1614 tamen
1649 1565 1859 1627 singulas

184 1663 290 1696 res:
327 1647 417 1696 etsi
442 1649 575 1695 nullo
601 1648 752 1696 modo
777 1648 954 1710 poterit
991 1647 1146 1696 oratio
1183 1664 1294 1695 mea
1329 1647 1444 1695 satis
1480 1648 1637 1694 facere
1672 1655 1859 1693 vestrae

185 1727 428 1776 scientiae.
505 1727 698 1776 Etenim
727 1730 862 1789 quod
887 1746 1125 1790 umquam
1158 1729 1208 1776 in
1238 1729 1374 1777 terris
1405 1738 1596 1776 tantum
1625 1726 1859 1789 flagitium

186 1807 426 1856 exstitisse
463 1808 685 1855 auditum
725 1810 833 1856 est?
883 1818 1069 1856 tantam
1112 1809 1504 1872 turpitudinem?
1551 1818 1742 1857 tantum
1779 1809 1861 1856 de-

185 1890 337 1938 decus
356 1890 377 1935 ?

291 1969 480 2016 XXIV.
552 1969 834 2017 Vehebatur
868 1969 920 2018 in
956 1972 1130 2019 essedo
1164 1972 1387 2019 tn’bunus
1422 1971 1614 2033 plebis;
1664 1970 1858 2019 lictores
1879 1970 1938 2016 58

184 2048 385 2096 laureati
409 2050 769 2097 antecedebant
785 2068 798 2110 3
834 2049 960 2098 inter
984 2067 1106 2112 quos
1131 2062 1298 2114 aperta
1322 2054 1495 2100 lectica
1517 2051 1668 2099 mima
1699 2061 1859 2113 porta-

185 2129 326 2176 batur
341 2147 355 2189 3
379 2144 527 2190 quam
552 2144 611 2175 ex
635 2128 829 2190 oppidis
851 2129 1173 2192 municipales
1192 2130 1416 2178 homines
1435 2130 1641 2188 honesti,
1664 2130 1860 2178 obviam

184 2208 460 2256 necessario
496 2210 812 2270 prodeuntes,
840 2225 943 2257 non
979 2220 1100 2258 noto
1124 2210 1208 2258 illo
1235 2221 1282 2258 et
1308 2209 1504 2258 mimico
1530 2209 1744 2268 nomine,
1773 2211 1861 2258 sed

184 2287 504 2336 Volumniam
563 2289 951 2336 consalutabant.
1041 2291 1237 2337 Horum
1284 2289 1577 2351 flagitiorum
1624 2288 1715 2337 iste
1759 2305 1863 2336 ves-

186 2368 314 2432 tigiis
339 2368 505 2417 omnia
529 2368 809 2431 municipia,
836 2370 1176 2431 praefecturas,
1207 2370 1442 2427 colonias,
1467 2379 1622 2418 totam
1648 2370 1860 2431 denique

187 2449 382 2497 Italiam
407 2447 668 2510 impressit.

286 2531 611 2592 Reliquorum
646 2531 886 2578 factorum
920 2528 1038 2588 eius,
1064 2539 1223 2592 patres
1249 2529 1527 2592 conscripti,
1554 2529 1761 2579 difficilis
1785 2538 1857 2577 est
1877 2530 1935 2576 59

186 2626 304 2659 sane
327 2609 644 2673 reprehensio
670 2620 718 2658 et
741 2610 937 2659 lubrica„
1010 2612 1246 2659 Versatus
1268 2611 1320 2658 in
1344 2613 1475 2660 bello
1500 2620 1595 2659 est:
1631 2609 1859 2658 saturavit

187 2705 241 2738 se
265 2690 499 2751 sanguine
523 2689 956 2738 dissimillimorum
981 2690 1056 2738 sui
1081 2690 1272 2738 civium.
1344 2691 1482 2739 Felix
1503 2690 1605 2749 fuit,
1631 2690 1671 2737 si
1694 2698 1859 2752 potest

186 2769 288 2816 ulla
309 2767 362 2816 in
385 2770 566 2817 scelere
592 2785 696 2817 esse
719 2769 941 2817 felicitas.
1009 2770 1107 2817 Sed
1131 2769 1366 2832 quoniam
1389 2769 1630 2818 veteranis
1662 2778 1857 2816 cautum
