2023 3132
146 96 203 126 22
779 81 1193 130 CICERONIS
1531 81 1728 148 [XXIV
1751 101 1814 149 59

141 203 247 235 esse
272 188 512 244 volumus,
532 204 830 250 quamquam
857 187 1104 236 dissimilis
1129 198 1202 236 est
1229 189 1438 237 militum
1463 207 1634 239 caussa
1657 202 1706 241 et
1730 203 1816 241 tua

139 267 275 314 —illi
301 267 456 315 secuti
481 276 609 326 sunt,
637 277 688 315 tu
714 268 944 330 quaesisti
970 270 1228 328 ducem—,
1257 279 1438 328 tamen,
1466 288 1527 320 ne
1547 273 1681 333 apud
1704 272 1814 322 illos

139 364 218 396 me
241 347 291 395 in
315 347 549 397 invidiam
575 365 737 408 voces,
765 350 887 397 nihil
913 352 975 398 de
999 366 1179 413 genere
1203 351 1317 399 belli
1344 352 1519 400 dicam.
1591 352 1764 402 Victor
1787 371 1815 403 e

138 429 394 477 Thessalia
420 429 733 477 Brundisium
758 446 871 477 cum
896 430 1170 492 legionibus
1195 431 1445 480 revertisti.
1506 432 1585 481 Ibi
1609 450 1689 482 me
1713 451 1815 483 non

139 507 377 556 occidisti.
468 510 709 569 Magnum
767 508 1091 556 beneficium!
1181 509 1405 558 Potuisse
1459 510 1591 558 enim
1646 513 1810 560 fateor.
1840 538 1860 569 5

139 590 451 650 Quamquam
488 605 636 637 nemo
674 598 774 638 erat
811 606 994 648 eorum,
1030 589 1115 652 qui
1151 598 1254 637 tum
1292 600 1454 638 tecum
1489 593 1696 652 fuerunt,
1733 593 1817 655 qui

62 672 122 718 60
141 670 258 718 mihi
294 688 394 720 non
430 681 650 720 censeret
685 671 818 734 parci
854 682 1091 734 oportere.
1164 674 1327 720 Tanta
1362 682 1435 721 est
1473 673 1604 722 enim
1645 676 1817 723 caritas
1853 722 1861 726 ,

138 752 339 814 patriae,
365 761 417 800 ut
441 752 613 801 vestris
640 753 786 801 etiam
811 752 1086 815 legionibus
1113 762 1310 801 sanctus
1342 770 1514 813 essem,
1540 756 1675 817 quod
1708 772 1816 804 eam

137 849 167 880 a
203 850 282 881 me
320 844 560 883 servatam
602 851 708 884 esse
751 833 1104 883 meminissent.
1190 836 1288 884 Sed
1326 836 1401 883 fac
1440 835 1491 884 id
1531 845 1578 884 te
1621 837 1817 885 dedisse

137 915 271 973 mihi,
297 916 433 977 quod
458 931 559 963 non
584 915 824 974 ademisti,
851 932 1030 978 meque
1055 932 1084 963 a
1108 924 1155 964 te
1181 916 1362 963 habere
1387 915 1549 973 vitam,
1575 916 1691 978 quia
1714 933 1816 965 non
1844 944 1883 964 10

137 1013 167 1044 a
190 1005 238 1044 te
263 995 324 1044 sit
348 1005 544 1058 erepta:
580 995 780 1045 licuitne
806 997 925 1044 mihi
950 1013 1037 1059 per
1061 1006 1167 1044 tuas
1193 996 1514 1045 contumelias
1549 998 1644 1044 hoc
1678 1006 1816 1045 tuum

138 1076 429 1125 beneficium
457 1077 526 1126 sic
551 1078 690 1138 tueri,
718 1087 772 1126 ut
796 1079 983 1137 tuebar,
1009 1077 1294 1140 praesertim
1320 1093 1431 1124 curn
1457 1086 1504 1126 te
1529 1078 1650 1126 haec
1685 1078 1818 1128 audi-

138 1166 299 1205 turum
325 1157 515 1207 videres
531 1161 554 1206 ?

61 1240 119 1286 61
243 1242 401 1287 XXV.
473 1239 668 1288 Venisti
711 1238 1024 1289 Brundisium
1067 1240 1131 1288 ad
1173 1249 1307 1288 tuam
1344 1241 1607 1288 mimulam.
1683 1240 1819 1301 Quid

137 1322 251 1369 est?
301 1337 420 1368 num
461 1322 709 1369 mentior?
796 1322 959 1382 Quam
1002 1322 1233 1369 miserum
1277 1332 1349 1370 est
1390 1321 1441 1369 id
1483 1338 1661 1383 negare
1711 1339 1815 1370 non
1842 1347 1881 1377 ις

137 1419 298 1465 posse,
326 1403 461 1465 quod
488 1403 549 1452 sit
581 1402 916 1465 turpissimum
952 1402 1204 1451 confiteri!
1274 1403 1323 1451 Si
1359 1412 1408 1452 te
1443 1402 1818 1465 municipiorum

143 1500 245 1532 non
271 1485 503 1546 pudebat,
531 1501 592 1532 ne
617 1484 834 1532 veterani
860 1484 1061 1546 quidem
1088 1483 1355 1532 exercitus?
1389 1483 1497 1546 quis
1524 1484 1654 1532 enirn
1680 1483 1819 1532 miles

140 1562 244 1621 fuit,
262 1563 346 1625 qui
372 1563 618 1611 Brundisii
644 1564 776 1611 illam
801 1580 904 1612 non
924 1563 1131 1612 viderit?
1155 1563 1264 1626 quis
1290 1563 1373 1626 qui
1389 1563 1614 1612 nescierit
1629 1563 1820 1612 venisse

139 1661 247 1693 eam
273 1644 360 1692 tibi
386 1654 457 1693 tot
483 1645 672 1693 dierum
697 1645 825 1693 viam
850 1647 1175 1708 gratulatum?
1198 1646 1306 1707 quis
1331 1645 1416 1708 qui
1440 1662 1542 1694 non
1557 1645 1821 1694 indoluerit

138 1734 238 1772 tam
256 1740 363 1773 sero
384 1741 435 1772 se
455 1742 601 1786 quam
622 1741 836 1787 nequam
855 1724 1111 1773 hominem
1131 1734 1327 1773 secutus
1347 1734 1475 1773 esset
1492 1727 1821 1787 cognoscere?
1845 1751 1886 1772 20

63 1806 122 1853 62
145 1806 316 1854 Italiae
351 1823 512 1854 rursus
547 1805 853 1868 percursatio
889 1808 1065 1855 eadem
1102 1807 1284 1855 comite
1319 1806 1499 1864 mima3
1548 1805 1600 1853 in
1636 1805 1822 1868 oppida

139 1887 347 1935 militurn
384 1887 593 1935 crudelis
629 1897 677 1935 et
714 1887 889 1935 misera
926 1887 1160 1935 deductio
1177 1905 1191 1947 3
1227 1886 1277 1934 in
1313 1888 1433 1935 urbe
1469 1886 1586 1946 auri,
1618 1886 1818 1949 argenti,

140 1967 451 2029 maximeque
475 1967 587 2026 vini,
609 1969 757 2017 foeda
782 1967 1005 2030 direptio.
1079 1968 1303 2017 Accessit
1327 1978 1381 2016 ut
1407 1970 1618 2017 Caesare
1636 1968 1817 2030 ignaro,

140 2064 254 2095 curn
279 2056 405 2096 esset
429 2047 510 2095 ille
534 2049 887 2105 Alexandreae,
906 2046 1149 2096 beneficio
1174 2047 1441 2096 amicorum
1466 2048 1569 2096 eius
1595 2046 1822 2109 magister

142 2125 362 2188 equitum
398 2125 784 2174 constitueretur.
857 2129 988 2174 Tum
1025 2126 1318 2175 existimavit
1354 2143 1406 2175 se
1443 2143 1534 2175 suo
1568 2125 1669 2175 iure
1711 2143 1821 2174 cum
1847 2153 1888 2183 25

144 2206 334 2270 Hippia
356 2207 518 2256 vivere
543 2218 590 2256 et
616 2224 770 2270 equos
795 2207 1045 2271 vectigalis
1065 2208 1234 2271 Sergio
1254 2208 1408 2257 mimo
1427 2210 1632 2258 tradere.
1691 2211 1823 2257 Tum

145 2287 237 2337 sibi
284 2304 385 2336 non
432 2291 562 2337 hanc
609 2306 758 2352 quarn
806 2306 941 2337 nunc
988 2291 1116 2338 male
1158 2298 1333 2350 tuetur,
1377 2291 1465 2338 sed
1508 2291 1579 2337 M.
1631 2288 1823 2338 Pisonis

147 2370 353 2417 domum
378 2370 463 2417 ubi
488 2370 729 2418 habitaret
759 2372 952 2432 legerat.
1029 2369 1162 2431 Quid
1188 2387 1279 2434 ego
1303 2370 1439 2419 istius
1469 2372 1676 2432 decreta,
1704 2371 1824 2432 quid

144 2450 354 2512 rapinas,
391 2451 511 2512 quid
546 2451 876 2499 hereditatum
913 2451 1250 2513 possessiones
1287 2453 1441 2511 dataS‚
1483 2452 1603 2514 quid
1637 2461 1827 2514 ereptas

145 2530 426 2592 proferam?
497 2531 722 2593 Cogebat
757 2541 978 2594 egestas:
1015 2547 1114 2594 quo
1144 2548 1196 2581 se
1220 2541 1441 2592 verteret,
1468 2548 1570 2581 non
1594 2533 1821 2581 habebat.
1849 2557 1892 2588 30

149 2611 386 2657 Nondum
425 2608 469 2657 ei
504 2618 642 2657 tanta
676 2626 705 2658 a
741 2612 797 2658 L.
825 2611 1031 2670 Rubrio,
1059 2627 1160 2660 non
1184 2628 1214 2659 a
1238 2613 1294 2661 L.
1321 2611 1548 2660 Turselio
1581 2611 1825 2661 hereditas

147 2698 344 2736 venerat
360 2706 373 2748 3
408 2690 632 2737 nondum
658 2689 708 2737 in
734 2691 825 2739 Cn.
856 2691 1065 2753 Pompei
1101 2693 1281 2751 locum,
1310 2694 1675 2755 multorumque
1708 2692 1826 2740 alio-

148 2786 270 2829 rum,
314 2770 399 2832 qui
440 2772 656 2831 aberant,
699 2770 981 2833 repentinus
1030 2772 1170 2821 heres
1220 2781 1532 2820 successerat.
1623 2774 1740 2820 Erat
1780 2770 1826 2820 ei
