2023 3132
143 96 322 146 XXIX
347 107 372 154 7
384 91 433 158 1]
509 93 654 143 ORA
666 93 748 140 TI
746 91 791 140 O
835 87 1273 138 PHILIPPICA
1325 83 1697 134 SECUNDA.
1753 98 1777 129 2
1785 95 1810 144 5

247 201 493 249 XXVIII.
564 201 645 246 An
671 208 737 256 tn,
765 199 848 246 illa
872 199 923 244 in
945 196 1190 244 vestibulo
1214 202 1370 243 rostra
1394 209 1507 240 cum
1533 189 1811 253 adspexisti,

142 283 348 332 domum
371 289 505 328 tuam
530 289 578 327 te
602 276 801 326 introire
825 278 1007 339 putas?
1056 274 1184 324 Fieri
1207 289 1309 322 non
1332 281 1508 335 potest.
1581 268 1817 332 Quamvis

144 361 276 410 enim
313 360 419 408 sine
455 368 636 415 mente,
663 357 768 406 sine
800 373 947 405 sensu
972 356 1052 415 εἰς,
1078 364 1132 403 ut
1158 371 1223 415 es,
1250 363 1418 403 tamen
1443 363 1490 401 et
1514 361 1561 400 te
1587 361 1635 400 et
1659 361 1743 399 tua
1768 359 1817 398 et

141 451 254 490 tuos
278 440 420 489 nosti.
483 442 591 488 Nec
614 455 728 489 vero
753 448 803 487 te
826 453 1063 500 umquam
1088 452 1250 498 neque
1273 435 1556 497 vigilantem
1580 447 1742 494 neque
1766 430 1818 478 in

97 547 118 579 ⁵
141 521 326 570 somnis
350 521 497 568 credo
522 536 669 581 posse
695 528 862 568 mente
887 517 1166 566 consistere.
1241 518 1458 565 Necesse
1483 522 1569 572 est,
1598 510 1820 575 quamvis

143 604 221 665 sis,
262 613 317 652 ut
352 621 417 664 es,
451 604 696 652 violentus
734 613 782 650 et
817 604 995 661 furens,
1034 617 1148 649 cum
1184 598 1272 648 tibi
1307 597 1502 646 obiecta
1537 597 1599 645 sit
1633 593 1820 658 species

143 683 395 747 singularis
419 683 520 743 viri,
549 680 858 744 perterritum
883 690 932 729 te
956 682 1018 729 de
1044 696 1219 728 somno
1245 675 1455 738 excitari,
1481 678 1638 725 furere
1672 673 1822 722 etiam

143 782 289 828 saepe
329 765 626 828 vigilantem.
699 765 786 810 Me
829 761 1032 824 quidem
1074 760 1271 808 miseret
1311 758 1553 821 parietum
1598 756 1817 818 ipsorum
1838 754 1898 801 69

143 856 290 908 atque
310 854 565 895 tectorum.
629 843 764 906 Quid
790 843 921 891 enim
946 858 1184 904 umquam
1210 842 1388 889 domus
1414 838 1496 886 illa
1519 836 1707 886 viderat
1730 834 1825 883 nisi

80 955 120 976 10
142 927 389 990 pudicum,
411 927 531 989 quid
555 925 647 974 nisi
674 942 732 973 ex
758 923 946 986 optimo
972 939 1108 971 more
1135 931 1183 969 et
1208 918 1513 969 sanctissima
1538 916 1824 978 disciplina?

144 1008 258 1056 Fuit
295 1007 426 1056 enim
463 1007 545 1056 ille
579 1007 664 1066 vir,
699 1016 862 1068 patres
895 1002 1173 1065 conscripti,
1213 1000 1355 1050 sicuti
1389 999 1534 1057 scitis,
1562 1014 1675 1046 cum
1709 995 1824 1044 foris

143 1091 298 1137 clarus
340 1097 442 1136 tum
486 1087 623 1136 domi
664 1086 993 1143 admirandus,
1032 1100 1193 1146 neque
1234 1084 1379 1131 rebus
1419 1079 1629 1130 externis
1671 1077 1824 1141 magis

144 1171 419 1218 laudandus
445 1185 593 1230 quam
619 1167 850 1216 institutis
883 1164 1197 1215 domesticis:
1234 1163 1379 1211 huius
1414 1162 1466 1209 in
1502 1160 1700 1210 sedibus
1734 1174 1824 1221 pro

143 1250 382 1299 cubiculis
418 1250 623 1310 stabula,
655 1265 744 1310 pro
782 1246 1101 1296 conclavibus
1135 1245 1351 1307 popinae
1389 1252 1512 1291 sunt.
1587 1240 1692 1290 Etsi
1728 1240 1827 1287 iam

81 1356 121 1388 15
144 1341 301 1394 negat.
377 1330 545 1378 Nolite
582 1345 830 1392 quaerere.
905 1327 1052 1390 Frugi
1087 1329 1243 1374 factus
1281 1334 1366 1373 est.
1441 1325 1584 1372 Illam
1624 1321 1822 1369 mimam

139 1429 276 1460 suam
314 1427 423 1459 suas
459 1427 535 1458 res
573 1411 665 1458 sibi
699 1410 880 1457 habere
915 1408 1069 1465 iussit,
1097 1423 1158 1455 ex
1182 1405 1450 1454 duodecim
1474 1403 1652 1452 tabulis
1679 1400 1826 1449 clavis

145 1492 344 1550 ademit,
372 1491 542 1554 exegit.
595 1492 760 1552 Quam
785 1505 932 1552 porro
958 1496 1207 1550 spectatus
1234 1485 1366 1544 civis,
1395 1501 1543 1547 quam
1568 1483 1827 1545 probatus!

146 1571 284 1619 cuius
310 1587 371 1619 ex
395 1569 532 1618 omni
547 1569 647 1617 vita
671 1568 795 1616 nihil
820 1579 893 1616 est
919 1566 1173 1615 honestius
1199 1582 1347 1628 quarn
1373 1565 1509 1627 quod
1539 1580 1653 1611 cum
1680 1561 1830 1609 mima

144 1652 259 1700 fecit
300 1651 577 1700 divortium.
655 1654 718 1699 At
760 1667 909 1713 quam
951 1650 1121 1697 crebro
1164 1656 1380 1710 usurpat,
1425 1655 1480 1695 et
1522 1645 1729 1693 consul
1772 1651 1825 1691 et
1845 1642 1906 1689 '70

81 1760 122 1782 20
146 1734 436 1782 Antonius
458 1738 466 1781 1
539 1735 658 1782 Hoc
683 1742 755 1781 est
780 1732 958 1790 dicere,
981 1740 1030 1779 et
1055 1731 1228 1779 consul
1253 1738 1300 1777 et
1324 1725 1752 1790 impudicissimUS,
1781 1734 1830 1772 et

146 1817 320 1864 consul
344 1826 392 1864 et
416 1817 567 1864 homo
593 1815 932 1877 nequissimus.
991 1813 1125 1874 Quid
1152 1822 1225 1860 est
1250 1810 1383 1859 enim
1403 1809 1536 1857 aliud
1554 1806 1831 1856 Antonius?

148 1899 280 1944 Nam
305 1896 345 1944 si
376 1896 584 1959 dignitas
619 1895 969 1959 significaretur
992 1895 1042 1942 in
1068 1892 1285 1952 nomine,
1313 1891 1526 1950 dixisset,
1562 1891 1725 1947 credo,
1753 1887 1834 1936 ali-

151 1978 352 2040 quando
378 1994 495 2026 avos
521 1988 633 2026 tuus
659 1993 711 2025 se
735 1986 784 2025 et
810 1977 1066 2024 consulem
1100 1984 1148 2022 et
1184 1974 1471 2021 Antonium.
1545 1973 1833 2032 Numquam

151 2058 282 2108 dixit.
357 2059 575 2108 Dixisset
607 2059 754 2108 etiam
795 2059 984 2120 collega
1015 2073 1166 2116 meus,
1198 2066 1399 2118 patruos
1431 2063 1558 2111 tuus,
1585 2051 1678 2099 nisi
1706 2050 1746 2098 si
1780 2059 1834 2098 tu

87 2162 128 2194 25
153 2154 205 2185 es
245 2139 376 2186 solus
415 2137 672 2186 Antonius.
748 2138 845 2185 Sed
878 2135 1054 2184 omitto
1088 2152 1147 2183 ea
1175 2144 1392 2197 peccata,
1424 2149 1550 2196 quae
1584 2148 1685 2180 non
1721 2139 1834 2178 sunt

151 2234 317 2266 earum
342 2218 552 2280 partium
577 2218 785 2280 propria,
805 2218 983 2280 quibus
1005 2227 1057 2265 tu
1076 2233 1181 2265 rem
1205 2215 1454 2278 publicam
1481 2212 1736 2262 vexavisti:
1761 2212 1827 2259 ad

151 2299 280 2361 ipsas
306 2309 414 2347 tuas
438 2299 586 2361 partis
610 2301 774 2358 redeo,
803 2299 853 2347 id
879 2309 952 2347 est
976 2300 1042 2347 ad
1066 2297 1207 2346 civile
1232 2298 1416 2345 bellum
1436 2314 1447 2344 z
1484 2296 1620 2357 quod
1644 2304 1829 2353 natum,

150 2381 433 2439 conflatum,
460 2388 746 2441 susceptum
772 2395 923 2441 opera
946 2388 1030 2426 tua
1053 2388 1140 2427 est.

251 2462 440 2507 XXIX.
516 2460 611 2510 Cui
648 2462 777 2509 bello
815 2477 925 2508 curn
964 2470 1164 2522 propter
1200 2457 1510 2507 timiditatem
1546 2467 1695 2516 tuam,
1722 2465 1828 2504 tum
1848 2454 1909 2503 '71

89 2567 131 2598 30
154 2551 354 2604 propter
386 2541 615 2590 libidines
653 2542 860 2590 defuisti.
937 2543 1171 2590 Gustaras
1208 2540 1401 2589 civilem
1438 2538 1725 2603 sanguinem
1754 2538 1834 2585 vel

153 2622 315 2684 potius
340 2624 654 2671 exsorbueras
667 2639 681 2682 3
709 2624 866 2671 fueras
882 2622 933 2670 in
953 2623 1058 2671 acie
1080 2621 1358 2671 Pharsalica
1374 2621 1747 2683 antesignanus,
1772 2621 1827 2667 L.

157 2703 446 2762 Domitium,
459 2703 780 2751 clarissimum
798 2713 844 2752 et
860 2702 1220 2752 nobilissimum
1233 2702 1405 2762 virum,
1423 2701 1697 2758 occideras;
1713 2701 1834 2748 mul-

156 2791 331 2846 tosque
356 2793 605 2846 praeterea
624 2784 707 2848 qui
727 2800 754 2834 e
773 2783 960 2848 proelio
981 2785 1264 2847 effugerant,
1285 2799 1408 2847 quos
1438 2784 1634 2841 Caesar,
1652 2789 1706 2830 ut
1729 2795 1831 2829 non

296 2914 334 2948 Ρ.
365 2918 407 2954 P.
1686 2888 1718 2932 4
