2062 3132
192 92 254 152 36
822 90 1229 139 CICERONIS
1481 88 1728 156 [XXXIX
1757 108 1849 141 100

292 197 338 246 O
373 198 672 259 praeclaram
707 197 840 245 illam
877 197 1292 260 percursationem
1329 206 1463 245 tuam
1500 214 1670 246 mense
1695 199 1850 261 Aprili

191 285 338 338 atque
375 277 526 335 Maio,
564 287 668 325 tum
704 293 817 325 cum
859 276 1006 325 etiam
1049 278 1272 339 Capuam
1314 277 1560 326 coloniam
1606 279 1852 328 deducere

191 367 396 405 conatus
437 361 518 405 es!
588 358 752 418 Quem
801 358 864 405 ad
910 358 1117 405 modum
1164 357 1298 405 illinc
1344 357 1518 406 abieris
1564 359 1641 407 vel
1687 358 1852 421 potius

72 438 161 485 101
187 453 345 499 paene
370 453 467 485 non
496 436 687 495 abieris,
715 435 908 484 scimus.
984 437 1077 486 Cui
1103 446 1156 485 tu
1181 437 1288 485 urbi
1324 436 1571 485 minitaris.
1646 437 1851 486 Utinam

190 533 381 574 conere,
408 526 460 564 ut
484 517 750 578 aliquando
774 516 895 564 illud
920 532 1110 578 paene
1137 517 1362 564 tollatur!
1415 521 1479 565 At
1505 533 1653 579 quam
1677 518 1854 567 nobilis
1879 544 1897 576 5

192 606 266 645 est
299 607 384 645 tua
419 598 500 644 illa
534 596 887 659 peregrinatio!
935 596 1055 659 quid
1089 598 1403 660 prandiorum
1429 609 1704 661 apparatus,
1734 600 1852 662 quid

191 677 419 726 furiosam
445 677 764 726 vinolentiam
790 688 923 725 tuam
947 680 1224 740 proferam?
1295 681 1405 727 Tua
1437 680 1530 728 ista
1562 680 1853 729 detrimenta

192 769 335 809 sunt:
387 758 469 807 illa
503 769 681 806 nostra·
753 761 939 822 Agrum
977 760 1303 821 Campanum,
1344 761 1426 821 qui
1463 776 1575 807 cum
1611 761 1674 809 de
1708 761 1855 809 vecti-

191 839 378 901 galibus
414 839 716 888 eximebatur
752 850 805 887 ut
842 838 1076 886 militibus
1113 840 1318 898 daretur,
1347 849 1510 888 tamen
1546 839 1698 903 infligi
1722 857 1853 903 mag-

191 939 310 969 num
334 921 403 970 rei
427 920 653 983 publicae
672 922 844 968 volnus
865 922 1182 982 putabamus:
1208 921 1340 967 hunc
1356 930 1407 968 tu
1428 921 1856 982 compransoribus
1884 948 1922 970 10

191 1004 287 1052 tuis
313 1013 361 1052 et
385 1002 707 1052 collusoribus
734 1001 1000 1050 dividebas.
1056 1000 1241 1048 Mimos
1266 1000 1379 1048 dico
1405 1010 1452 1049 et
1476 1001 1664 1061 mimas,
1692 1012 1854 1064 patres

191 1083 469 1146 conscripti,
497 1083 547 1131 in
580 1099 695 1145 agro
730 1085 988 1144 Campano
1023 1083 1304 1130 collocatos.
1381 1081 1514 1143 Quid
1549 1082 1646 1130 iam
1684 1100 1857 1145 querar

192 1166 255 1214 de
290 1181 405 1226 agro
443 1164 724 1212 Leontino?
796 1162 1044 1225 Quoniam
1083 1162 1282 1224 quidem
1325 1163 1418 1210 hae
1463 1164 1715 1225 quondam
1755 1181 1856 1212 ara-

191 1245 350 1294 tiones
378 1247 632 1308 Campana
657 1255 704 1293 et
731 1244 975 1293 Leontina
1009 1243 1059 1290 in
1095 1243 1267 1306 populi
1305 1244 1523 1292 Romani
1558 1244 1855 1306 patrimonio

191 1325 492 1387 grandiferae
534 1334 583 1373 et
623 1326 899 1372 fructuosae
942 1325 1230 1372 ferebantur.
1324 1324 1528 1372 Medico
1570 1324 1660 1372 tria
1707 1325 1859 1372 millia
1885 1351 1922 1382 ις,

187 1405 437 1468 iugerum:
492 1405 623 1467 quid,
663 1405 703 1453 si
739 1415 787 1454 te
824 1407 1080 1453 sanasset?
1133 1404 1315 1453 rhetori
1362 1406 1494 1452 duo:
1548 1405 1682 1466 quid,
1728 1404 1767 1453 si
1807 1415 1856 1454 te

191 1487 427 1534 disertum
474 1488 633 1535 facere
678 1485 954 1549 potuisset?
1037 1486 1133 1534 Sed
1181 1485 1243 1533 ad
1290 1484 1380 1533 iter
1438 1485 1731 1548 Italiamque
1788 1503 1856 1536 re—

194 1568 408 1614 deamus.

75 1648 164 1694 102
287 1649 391 1698 XL.
467 1645 729 1696 Deduxisti
770 1646 1017 1695 coloniam
1061 1645 1347 1705 Casilinum,
1390 1662 1488 1708 quo
1527 1647 1706 1696 Caesar
1742 1656 1856 1696 ante

193 1729 473 1777 deduxerat.
547 1728 851 1778 Consuluisti
893 1744 973 1776 me
1007 1744 1094 1790 per
1130 1727 1312 1776 litteras
1349 1729 1411 1776 de
1449 1729 1624 1790 Capua
1663 1738 1717 1776 tu
1758 1729 1859 1791 qui·
1883 1756 1924 1778 ρο

193 1810 341 1872 dem3
394 1811 480 1858 sed
517 1809 646 1858 idem
684 1810 746 1857 de
783 1808 1004 1859 Casilino
1039 1808 1434 1870 respondissem:
1485 1825 1734 1871 possesne,
1770 1810 1857 1858 ubi

191 1889 384 1937 colonia
410 1899 549 1945 esset,
576 1906 636 1938 eo
661 1889 906 1937 coloniam
931 1905 1111 1937 novam
1135 1888 1237 1937 iure
1263 1890 1518 1937 deducere.
1593 1889 1780 1950 Negavi
1805 1889 1856 1937 in

192 1987 301 2019 eam
326 1970 586 2028 coloniam,
614 1987 738 2032 quae
765 1980 892 2018 esset
928 1969 1180 2030 auspicato
1217 1970 1444 2028 deducta,
1472 1970 1591 2017 dum
1627 1978 1755 2018 esset
1788 1969 1858 2017 in-

191 2051 408 2110 columis,
448 2051 693 2099 coloniam
731 2067 910 2098 novam
947 2052 1049 2098 iure
1085 2050 1292 2099 deduci:
1346 2051 1550 2097 colonos
1586 2066 1742 2098 novos
1777 2051 1858 2099 ad-

193 2132 337 2180 scribi
378 2149 522 2194 posse
563 2132 800 2195 rescripsi.
891 2134 969 2179 Tu
1016 2140 1181 2180 autem
1223 2131 1483 2179 insolentia
1525 2133 1679 2179 elatus
1722 2132 1858 2179 omni
1884 2157 1924 2189 25

191 2214 517 2276 auspiciorum
566 2214 666 2262 iure
714 2215 921 2273 turbato,
975 2213 1248 2262 Casilinum
1296 2213 1542 2262 coloniam
1594 2213 1852 2272 deduxisti,

193 2310 292 2356 quo
330 2305 429 2343 erat
464 2294 633 2356 paucis
669 2294 810 2342 annis
841 2304 955 2342 ante
982 2295 1210 2353 deducta,
1237 2303 1290 2341 ut
1314 2293 1546 2342 vexillum
1570 2295 1777 2352 tolleres,
1803 2303 1857 2343 ut

192 2384 401 2422 aratrum
417 2375 827 2424 circumduceres:
853 2376 988 2422 cuius
1009 2373 1210 2436 quidem
1228 2391 1424 2423 vomere
1443 2384 1634 2437 portam
1655 2375 1856 2436 Capuae

191 2472 351 2517 paene
386 2457 717 2519 perstrinxisti,
743 2465 797 2504 ut
832 2456 1047 2504 florentis
1084 2455 1307 2504 coloniae
1343 2455 1637 2504 territorium
1672 2455 1857 2503 minue-

74 2538 164 2584 103
187 2547 328 2586 retur.
423 2539 502 2586 Ab
549 2539 642 2585 hac
687 2537 1054 2600 perturbatione
1100 2537 1401 2600 religionum·
1438 2538 1638 2585 advolas
1684 2536 1735 2584 in
1784 2538 1854 2584 M.
1884 2561 1925 2592 30

191 2620 437 2680 Varronis,
476 2619 767 2668 sanctissimi
808 2630 955 2682 atque
996 2619 1292 2682 integerrimi
1328 2619 1430 2677 viri,
1469 2620 1676 2667 fundum
1724 2616 1857 2667 Casi-

191 2711 373 2751 natem.
460 2704 573 2763 Quo
615 2704 753 2750 iure?
800 2719 899 2764 quo
943 2705 1063 2750 ore?
1148 2703 1361 2760 Eodem,
1403 2701 1611 2762 inquies,
1656 2718 1756 2764 quo
1803 2701 1854 2749 in

190 2782 425 2831 heredum
462 2784 514 2830 L.
546 2782 716 2842 Rubri,
745 2798 843 2844 quo
876 2783 926 2830 in
951 2783 1189 2832 heredum
1215 2784 1272 2830 L.
1297 2783 1488 2830 Turseli
1513 2781 1726 2846 praedia,
1755 2797 1854 2845 quo
