2062 3132
174 117 235 175 38
801 114 1204 161 CICERONIS
1564 111 1706 178 [XLI
1738 118 1828 163 106

171 217 314 276 devii,
343 217 717 278 descenderunt,
745 229 799 266 ut
835 219 997 278 istum,
1035 229 1285 282 tamquam
1323 219 1363 268 si
1400 230 1540 280 esset,
1578 224 1829 271 consulem

171 297 447 344 salutarent.
523 296 816 344 Incredibile
841 298 977 344 dictu
1002 306 1088 356 est,
1115 306 1284 344 tamen
1307 296 1493 346 vicinos
1524 298 1649 347 inter
1672 300 1832 348 omnis

172 378 427 424 constabat
452 375 699 424 neminem
726 393 830 424 esse
855 378 1171 424 resalutatum
1194 396 1204 425 :
1240 378 1522 440 praesertim
1557 395 1671 427 cum
1707 381 1831 428 duos

172 468 338 500 secum
363 453 650 515 Anagninos
674 454 890 512 haberet,
920 455 1186 501 Mustelam
1224 464 1271 502 et
1308 456 1558 504 Laconem
1574 475 1588 518 3
1625 473 1832 518 quorum

57 534 147 581 107
172 535 292 582 alter
331 534 605 596 gladiorum
644 542 717 581 est
754 534 994 597 princeps,
1035 537 1156 583 alter
1196 538 1497 598 poculorum.
1572 538 1707 598 Quid
1744 554 1836 601 ego
1861 563 1880 595 ⁵

173 616 278 663 illas
313 615 449 662 istius
485 614 641 662 minas
678 615 1097 677 contumeliasque
1133 632 1532 677 commemorem,
1559 617 1735 680 quibus
1763 618 1835 665 in-

174 706 342 743 vectus
368 704 440 742 est
464 696 513 741 in
539 694 795 754 Sidicinos,
822 696 1013 743 vexavit
1039 697 1351 754 Puteolanos,
1372 698 1507 758 quod
1533 699 1588 746 C.
1611 697 1835 747 Cassium

174 786 221 824 et
264 779 440 824 Brutos
482 787 715 838 patronos
757 778 1113 838 adoptassent?
1184 779 1372 840 Magno
1417 778 1619 838 quidem
1658 779 1835 838 studio,

172 855 369 914 iudicio,
397 856 755 916 benevolentia,
782 857 994 915 caritate,
1022 873 1138 916 non,
1176 866 1230 905 ut
1266 867 1313 905 te
1350 866 1398 905 et
1435 859 1668 917 Basilum,
1705 857 1754 906 vi
1789 867 1839 906 et

175 937 331 997 armis,
360 947 408 985 et
438 938 559 985 alios
584 937 728 986 vestri
754 937 936 997 similis,
967 953 1090 1000 quos
1116 937 1305 986 clientis
1332 954 1479 986 nemo
1504 940 1685 987 habere
1709 938 1838 998 velit,
1866 965 1907 987 10

175 1033 276 1066 non
301 1019 451 1066 modo
476 1017 669 1065 illorum
695 1017 846 1066 cliens
871 1035 991 1067 esse.

276 1101 438 1146 XLII.
513 1101 708 1147 Interea
743 1101 860 1147 dum
897 1110 950 1147 tu
986 1101 1116 1159 abes,
1146 1100 1228 1162 qui
1264 1100 1367 1148 dies
1403 1100 1483 1148 ille
1519 1102 1736 1164 collegae
1770 1099 1840 1148 tui

176 1179 278 1236 fuit,
330 1196 440 1226 cum
486 1178 621 1238 illud,
672 1181 808 1241 quod
865 1180 1083 1228 venerari
1131 1182 1339 1240 solebas,
1389 1182 1587 1228 bustum
1638 1181 1689 1229 in
1735 1183 1841 1231 foro

178 1259 349 1308 evertit
370 1264 378 1307 Ι
419 1276 515 1321 qua
546 1276 597 1308 re
628 1258 715 1307 tibi
739 1259 976 1320 nuntiata,
1004 1270 1058 1309 ut
1083 1263 1339 1310 constabat
1363 1261 1487 1310 inter
1511 1278 1611 1320 eos,
1637 1261 1722 1325 qui
1745 1278 1844 1310 una

177 1342 384 1399 fuerunt,
423 1341 695 1389 concidisti.
774 1342 907 1402 Quid
944 1342 1158 1391 evenerit
1194 1353 1381 1405 postea,
1424 1344 1845 1392 nescio—metum
1873 1370 1909 1400 15

178 1423 327 1470 credo
352 1422 560 1471 valuisse
587 1432 635 1470 et
659 1425 1102 1486 arma—collegam
1120 1424 1319 1486 quidem
1343 1425 1406 1473 de
1432 1427 1570 1472 caelo
1595 1423 1844 1473 detraxisti

179 1501 492 1563 effecistique,
520 1518 622 1550 non
658 1511 711 1550 tu
748 1503 949 1564 quidem
985 1504 1131 1550 etiam
1169 1519 1317 1563 nunc,
1354 1513 1408 1551 ut
1444 1503 1610 1551 similis
1646 1503 1729 1562 tui,
1757 1505 1846 1552 sed

62 1585 154 1632 108
179 1593 308 1632 certe
332 1594 386 1632 ut
411 1584 657 1632 dissimilis
683 1594 811 1632 esset
836 1585 921 1632 sui.
993 1585 1232 1646 Qui-vero
1257 1585 1373 1633 inde
1397 1586 1580 1634 reditus
1607 1588 1845 1633 Romam!

181 1681 306 1727 quae
330 1664 631 1727 perturbatio
656 1665 806 1713 totius
831 1665 962 1713 urbis
985 1669 993 1713 1
1055 1664 1439 1713 Memineramus
1463 1665 1676 1714 Cinnam
1700 1664 1845 1713 nimis

181 1755 450 1808 potentem,
495 1747 679 1794 Sullam
722 1755 897 1807 postea
939 1747 1310 1806 dominantem3
1362 1747 1514 1795 modo
1561 1756 1848 1809 regnantem
1874 1773 1916 1795 20

184 1829 446 1876 Caesarem
472 1827 760 1876 videramus.
835 1830 988 1876 Erant
1019 1830 1223 1876 fortasse
1258 1827 1422 1890 gladii,
1450 1829 1535 1877 sed
1572 1828 1848 1877 absconditi

183 1926 275 1957 nec
321 1909 389 1956 ita
435 1909 588 1957 multi.
676 1910 779 1958 Ista
825 1926 940 1958 vero
988 1926 1115 1971 quae
1163 1919 1210 1958 et
1257 1919 1439 1971 quanta
1484 1909 1708 1958 barbaria
1749 1914 1848 1959 est!

183 1989 395 2053 Agmine
431 1993 672 2053 quadrato
708 2007 821 2038 cum
857 1991 1029 2053 gladiis
1066 2000 1323 2039 secuntur:
1368 1999 1617 2039 scutorum
1651 1991 1850 2040 lecticas

183 2072 365 2135 portari
390 2071 626 2120 videmus.
700 2074 866 2133 Atque
892 2071 965 2119 his
998 2072 1200 2133 quidem
1236 2072 1334 2118 iam
1369 2070 1661 2130 inveteratis,
1687 2080 1847 2133 patres

185 2153 463 2217 conscripti,
491 2153 851 2203 consuetudine
876 2153 1211 2201 obduruimus.
1287 2151 1530 2200 Kalendis
1563 2151 1717 2200 Iuniis
1742 2169 1854 2201 cum
1878 2176 1920 2208 25

188 2232 240 2279 in
278 2242 516 2293 senatum,
544 2243 597 2281 ut
630 2242 731 2281 erat
762 2232 1099 2291 constitutum,
1125 2230 1291 2279 venire
1314 2232 1564 2290 vellemus,
1590 2239 1725 2278 metu
1748 2247 1854 2293 per-

73 2313 165 2360 109
192 2312 341 2360 territi
365 2323 569 2375 repente
605 2313 899 2376 diffugimus.
973 2315 1039 2361 At
1075 2312 1182 2371 iste,
1208 2311 1291 2374 qui
1328 2320 1500 2360 senatu
1536 2327 1637 2359 non
1673 2320 1850 2372 egeret,

189 2410 349 2455 neque
387 2393 680 2442 desideravit
723 2410 1035 2456 quemquam,
1075 2394 1163 2441 sed
1209 2392 1373 2455 potius
1421 2392 1639 2440 discessu
1686 2401 1853 2440 nostro

188 2475 395 2521 laetatus
433 2483 519 2533 est,
558 2472 823 2536 statimque
859 2473 941 2520 illa
976 2471 1216 2521 mirabilia
1251 2473 1469 2520 facinora
1511 2471 1683 2519 effecit.
1753 2471 1854 2532 Qui

190 2553 515 2616 chirographa
551 2554 774 2604 Caesaris
811 2553 1113 2602 defendisset
1146 2552 1269 2601 lucri
1311 2552 1384 2600 sui
1425 2568 1608 2611 caussa,
1645 2551 1686 2599 is
1726 2552 1857 2614 leges
1882 2575 1924 2606 30

192 2633 416 2682 Caesaris
464 2649 643 2696 easque
691 2635 978 2696 praeclaras,
1027 2642 1081 2681 ut
1126 2650 1229 2681 rem
1287 2633 1536 2696 publicam
1593 2640 1855 2681 concutere

190 2722 372 2776 posset,
407 2712 592 2761 evertit.
664 2714 938 2761 Numerum
975 2728 1215 2761 annorum
1251 2712 1513 2774 provinciis
1549 2711 1855 2775 prorogavit:

192 2794 437 2857 idemque,
465 2810 573 2842 cum
601 2804 820 2842 actorum
847 2795 1066 2844 Caesaris
1093 2796 1319 2845 defensor
1345 2810 1450 2843 esse
1479 2794 1693 2853 deberet,
1722 2801 1770 2842 et
1805 2791 1855 2841 in
