2062 3132
209 113 445 161 XXXIII
473 111 557 179 82]
601 113 876 163 ORATIO
916 111 1353 160 PHILIPPICA
1393 112 1765 162 SECUNDA.
1814 130 1874 176 29

213 221 352 270 Nihil
384 238 561 284 queror
597 223 659 271 de
696 222 970 281 Dolabella,
1002 220 1087 282 qui
1119 228 1224 267 tum
1258 227 1332 267 est
1355 217 1611 281 impulsus,
1638 220 1883 280 inductus,

213 304 390 351 elusus.
465 303 578 364 Qua
601 303 652 350 in
675 318 727 351 re
752 311 938 364 quanta
961 299 1103 348 fuerit
1126 308 1331 362 uterque
1354 309 1567 348 vestrum
1593 302 1798 364 perfidia
1833 303 1885 350 in

210 383 539 441 Dolabellam,
567 381 676 445 quis
711 381 943 445 ignorat?
1013 382 1103 429 Ille
1135 380 1433 443 promissum
1467 390 1515 430 et
1538 392 1793 444 receptum
1818 382 1886 431 in-

210 462 425 511 tervertit
463 464 528 512 ad
570 479 720 525 seque
761 463 1036 510 transtulit:
1075 471 1128 509 tu
1167 461 1271 509 eius
1313 461 1547 523 perfidiae
1582 464 1887 512 voluntatem

163 569 182 600 5
208 552 342 591 tuam
381 543 694 606 adscripsisti.
767 543 988 591 Veniunt
1033 543 1291 590 Kalendae
1328 542 1586 591 Ianuariae
1603 562 1618 604 3
1668 544 1889 607 cogimur

206 623 257 671 in
283 634 508 672 senatum
518 642 533 684 3
557 624 778 673 invectus
804 633 878 672 est
902 623 1150 686 copiosius
1175 625 1330 672 multo
1355 623 1406 671 in
1431 624 1578 672 istum
1604 634 1652 673 et
1675 626 1888 688 paratius

208 707 471 754 Dolabella
502 722 650 767 quam
687 721 821 754 nunc
846 721 951 767 ego.
1027 703 1128 753 Hic
1152 714 1319 752 autem
1343 704 1493 753 iratus
1519 722 1645 767 quae
1672 705 1807 766 dixit,
1836 707 1885 754 di
1904 708 1965 755 80

206 785 354 833 boni!
427 785 644 833 Primum
671 802 783 833 cum
811 786 994 834 Caesar
1018 783 1316 833 ostendisset
1340 801 1405 844 se,
1433 786 1565 847 prius
1598 802 1747 848 quam
1779 804 1888 850 pro-

206 865 515 923 ficisceretur,
577 867 889 914 Dolabellam
949 867 1204 913 consulem
1262 881 1369 914 esse
1425 865 1888 929 iussurum—quem

145 972 184 992 10
210 955 391 1008 negant
430 963 610 1009 regem,
651 946 734 1009 qui
773 955 822 995 et
856 948 1038 994 faceret
1078 962 1270 1008 semper
1308 946 1410 994 eius
1447 947 1584 995 modi
1621 947 1805 1009 aliquid
1840 958 1889 995 et

210 1025 490 1074 diceret—:
517 1026 604 1074 sed
629 1042 743 1073 cum
771 1027 952 1074 Caesar
977 1025 1044 1073 ita
1069 1025 1300 1087 dixisset3
1325 1035 1428 1073 tum
1454 1025 1534 1074 hic
1553 1028 1713 1075 bonus
1738 1044 1891 1090 augur

209 1124 269 1156 eo
295 1124 347 1156 se
373 1108 647 1157 sacerdotio
673 1109 949 1170 praeditum
975 1123 1082 1156 esse
1106 1106 1242 1166 dixit,
1259 1117 1313 1156 ut
1337 1107 1537 1156 comitia
1561 1108 1786 1171 auspiciis
1812 1110 1890 1158 vel

208 1188 447 1250 impedire
465 1190 542 1237 vel
566 1187 735 1236 vitiare
754 1198 934 1251 posset,
954 1189 1103 1251 idque
1124 1204 1174 1236 se
1194 1190 1434 1236 facturum
1457 1205 1562 1237 esse
1581 1190 1882 1238 asseveravit.

210 1271 272 1316 In
309 1285 407 1331 quo
444 1269 655 1331 primurn
690 1268 1031 1317 incredibilem
1069 1269 1408 1332 stupiditatem
1445 1269 1660 1317 hominis
1685 1286 1890 1332 cognos-

145 1375 184 1405 15
208 1351 315 1398 cite.
391 1350 525 1410 Quid
551 1350 720 1398 enim?
755 1350 899 1409 istud,
923 1352 1060 1412 quod
1086 1360 1133 1398 te
1159 1350 1401 1399 sacerdoti
1426 1351 1528 1400 iure
1553 1353 1713 1401 facere
1736 1369 1883 1415 posse
1903 1354 1965 1401 81

209 1430 386 1489 dixisti,
414 1430 454 1479 si
479 1447 631 1493 augur
654 1447 756 1479 non
782 1447 913 1479 esses
940 1441 987 1479 et
1013 1433 1184 1480 consul
1210 1447 1356 1490 esseS‚
1383 1430 1544 1480 minus
1570 1434 1728 1482 facere
1751 1444 1890 1496 potu-

206 1509 363 1558 isses?
430 1510 559 1558 Vide
607 1527 671 1559 ne
718 1509 866 1558 etiam
912 1510 1116 1559 facilius.
1191 1513 1298 1558 Nos
1347 1511 1478 1559 enim
1526 1513 1887 1562 nuntiationem
1929 1547 1932 1549 Δ

206 1592 366 1638 solum
401 1591 669 1639 habemus:
707 1593 932 1639 consules
958 1601 1006 1640 et
1031 1591 1205 1653 reliqui
1238 1593 1546 1654 magistratus
1575 1593 1723 1641 etiam
1749 1612 1885 1657 spec-

209 1672 409 1720 tionem.
473 1674 623 1720 Esto:
658 1673 753 1720 hoc
779 1672 1005 1734 imperite
1025 1689 1038 1731 3
1071 1688 1165 1720 nec
1192 1671 1322 1721 enirn
1349 1682 1422 1720 est
1447 1673 1508 1721 ab
1533 1674 1732 1722 homine
1752 1693 1890 1723 nurn-

141 1777 182 1799 20
206 1769 351 1814 quam
379 1753 542 1801 sobrio
567 1754 864 1815 postulanda
888 1753 1179 1815 prudentia:
1214 1754 1300 1801 sed
1325 1753 1487 1802 videte
1511 1753 1884 1816 impudentiam.

209 1833 380 1881 Multis
414 1843 529 1882 ante
567 1833 820 1882 mensibus
856 1834 907 1880 in
933 1842 1104 1881 senatu
1131 1834 1265 1890 dixit,
1293 1850 1344 1881 se
1371 1835 1666 1883 Dolabellae
1691 1836 1889 1885 comitia

205 1923 288 1961 aut
314 1913 671 1976 prohibiturum
697 1914 938 1976 auspiciis,
966 1923 1049 1961 aut
1074 1913 1123 1961 id
1157 1916 1396 1962 facturum
1437 1932 1556 1972 esse,
1587 1916 1722 1977 quod
1756 1918 1884 1965 fecit.

209 1996 550 2056 Quisquamne
585 1994 801 2043 divinare
837 2004 1015 2057 potest,
1043 1995 1163 2056 quid
1199 1995 1284 2042 viti
1320 1995 1370 2043 in
1407 1996 1636 2058 auspiciis
1672 1999 1887 2045 futurum

206 2075 279 2136 sit,
317 2075 410 2123 nisi
445 2075 529 2138 qui
566 2077 630 2124 de
670 2078 808 2124 caelo
845 2092 1033 2124 servare
1069 2075 1356 2124 constituit?
1409 2079 1543 2140 quod
1579 2094 1739 2139 neque
1774 2079 1888 2127 licet

145 2182 184 2212 25
211 2156 418 2205 comitiis
443 2173 529 2218 per
554 2158 699 2218 leges,
720 2166 782 2215 et,
801 2157 840 2203 si
866 2158 947 2218 qui
975 2157 1195 2214 servavit,
1215 2173 1316 2204 non
1343 2158 1553 2206 comitiis
1578 2159 1772 2218 habitis,
1799 2160 1887 2207 sed

206 2237 340 2299 prius
364 2255 515 2300 quarn
540 2239 812 2286 habeantur
837 2239 985 2286 debet
1011 2238 1250 2286 nuntiare.
1324 2241 1510 2287 Verum
1543 2239 1795 2302 implicata
1818 2241 1889 2288 in·

209 2317 413 2367 scientia
447 2319 759 2382 impudentia
793 2329 866 2368 est
883 2338 896 2379 3
933 2335 1024 2366 nec
1061 2318 1152 2367 scit
1187 2321 1323 2380 quod
1361 2337 1608 2382 augurem,
1647 2337 1740 2369 nec
1771 2323 1886 2370 facit

205 2400 342 2461 quod
376 2400 649 2461 pudentem
686 2400 841 2446 decet.
918 2400 1093 2459 Itaque
1128 2415 1188 2446 ex
1211 2398 1294 2447 illo
1321 2400 1401 2448 die
1426 2400 1753 2449 recordamini
1779 2403 1881 2450 eius
1900 2404 1962 2450 82

203 2496 360 2542 usque
381 2482 446 2528 ad
472 2481 590 2528 Idus
618 2479 820 2527 Martias
846 2480 1167 2527 consulatum.
1232 2479 1355 2540 Quis
1381 2497 1615 2543 umquam
1637 2483 1887 2544 apparitor

139 2585 182 2616 30
205 2570 306 2608 tam
329 2559 539 2618 humilis,
567 2569 667 2607 tam
693 2559 952 2607 abiectus?
1022 2558 1158 2606 Nihil
1183 2559 1286 2621 ipse
1310 2570 1504 2622 poterat
1518 2579 1532 2620 3
1563 2561 1729 2610 omnia
1752 2579 1887 2624 roga-

209 2642 320 2700 bat3
370 2650 515 2702 caput
556 2641 607 2687 in
648 2656 866 2688 aversam
908 2640 1134 2688 lecticam
1175 2640 1409 2702 inserens,
1462 2643 1716 2703 beneficia,
1759 2661 1885 2707 quae

205 2721 452 2778 venderet,
479 2737 509 2768 a
531 2722 720 2782 collega
744 2722 959 2782 petebat.

307 2803 555 2851 XXXIII.
629 2804 760 2851 Ecce
811 2802 1101 2850 Dolabellae
1148 2800 1459 2851 comitiorum
1506 2803 1610 2851 dies
1629 2820 1643 2863 3
1696 2804 1883 2856 sortitio
