2023 3132
170 129 227 161 10
803 110 1206 159 CICERONIS
1675 103 1744 172 [X
1771 122 1833 167 24

163 226 201 272 si
236 223 514 279 valuissent,
540 237 615 268 res
652 218 851 282 publica
887 227 1046 276 staret,
1074 226 1127 266 tu
1153 216 1246 265 tuis
1271 216 1482 279 flagitiis,
1508 226 1738 279 egestate,
1766 216 1835 264 in-

163 304 310 352 famia
333 301 646 351 concidisses.

86 386 146 434 25
265 386 357 431 XI.
429 384 527 431 Sed
552 384 675 429 haec
698 390 890 429 vetera:
926 379 1049 427 illud
1073 394 1187 427 vero
1212 394 1398 436 recens,
1426 380 1688 427 Caesarem
1724 393 1837 425 meo

164 464 369 513 consilio
393 462 716 511 interfectum.
765 463 873 508 Iam
898 475 1082 517 vereor,
1108 469 1269 520 patres
1295 456 1571 519 conscripti,
1599 473 1676 515 ne,
1703 457 1839 518 quod

165 544 500 607 turpissimum
526 552 612 599 est,
636 541 1074 604 praevaricatorem
1099 539 1218 586 mihi
1243 538 1534 600 apposuisse
1558 537 1738 597 videar,
1758 537 1840 600 qui
1866 561 1885 592 ς

165 644 245 675 me
269 643 370 674 non
395 627 554 673 solum
579 625 700 671 meis
725 623 953 670 laudibus
979 630 1186 678 ornaret,
1204 622 1292 668 sed
1313 620 1457 668 etiam
1484 618 1667 667 alienis.
1717 617 1841 678 Quis

165 707 295 756 enim
315 722 480 754 meum
500 703 551 751 in
576 704 669 751 ista
688 703 923 751 societate
943 701 1277 764 gloriosissimi
1296 701 1411 748 facti
1426 716 1610 748 nomen
1629 698 1843 747 audivit?

167 788 318 838 Cuius
354 796 533 846 autem,
561 784 644 847 qui
679 785 730 832 in
767 801 826 832 eo
862 800 1068 832 numero
1103 783 1286 839 fuisset,
1312 798 1496 831 nomen
1533 790 1605 829 est
1635 781 1844 829 occulta-

166 870 307 915 tum?
336 868 638 914 occultatum
663 864 812 912 dico?
837 863 973 911 cuius
999 879 1102 910 non
1130 862 1294 910 statim
1319 861 1651 923 divolgatum?
1688 859 1844 909 Citius

165 947 368 996 dixerim
388 946 593 993 iactasse
613 961 663 992 se
683 944 889 1006 aliquos,
907 954 960 991 ut
979 943 1125 991 fuisse
1145 943 1195 989 in
1217 959 1275 990 ea
1293 942 1527 989 societate
1545 940 1840 997 viderentur,
1870 966 1908 986 10

166 1045 281 1076 cum
306 1027 492 1076 conscii
517 1043 619 1074 non
646 1026 864 1082 fuissent,
893 1041 1041 1086 quam
1066 1034 1118 1071 ut
1144 1022 1403 1085 quisquam
1424 1020 1570 1069 celari
1593 1022 1738 1068 vellet
1762 1019 1846 1082 qui

90 1108 149 1154 26
170 1108 351 1154 fuisset.
426 1106 589 1164 Quam
613 1104 714 1152 veri
740 1104 898 1151 simile
922 1119 1067 1165 porro
1093 1111 1165 1150 est
1189 1101 1240 1148 in
1264 1110 1338 1149 tot
1362 1099 1645 1148 hominibus
1669 1099 1847 1162 partim

170 1185 402 1244 obscuris,
463 1185 640 1247 partim
698 1184 1100 1233 adulescentibus
1158 1182 1410 1230 neminem
1473 1181 1846 1236 occultantibus,

171 1283 338 1315 meum
374 1282 557 1314 nomen
583 1267 733 1313 latere
758 1265 1015 1327 potuisse?
1087 1262 1284 1312 Etenim
1311 1262 1350 1310 si
1374 1271 1598 1310 auctores
1623 1262 1687 1309 ad
1711 1261 1850 1309 liber-

170 1350 351 1397 andam
388 1347 596 1409 patriam
634 1346 1027 1395 desiderarentur
1062 1345 1156 1393 illis
1198 1343 1496 1401 auctoribus,
1535 1345 1710 1390 Brutos
1757 1358 1848 1404 ego
1875 1366 1915 1396 15

173 1429 489 1490 impellerem,
532 1443 739 1488 quorum
787 1436 994 1487 uterque
1044 1427 1098 1472 L.
1146 1423 1283 1471 Bruti
1331 1421 1597 1484 imaginem
1646 1419 1850 1469 cottidie

169 1509 370 1567 videret,
411 1510 530 1556 alter
571 1507 720 1555 etiam
758 1509 982 1554 Ahalae?
1072 1506 1143 1553 Hi
1179 1504 1322 1567 igitur
1368 1503 1443 1551 his
1482 1502 1746 1550 maioribus
1788 1504 1851 1550 ab

173 1590 343 1639 alienis
390 1588 551 1652 potius
599 1589 859 1637 consilium
910 1597 1133 1650 peterent
1181 1603 1330 1649 quam
1378 1603 1408 1633 a
1455 1583 1590 1633 suis?
1648 1593 1697 1633 et
1737 1583 1852 1631 foris

172 1671 337 1733 potius
385 1686 532 1731 quam
581 1670 769 1717 domo?
855 1669 1027 1730 Quid?
1112 1669 1167 1717 C.
1212 1668 1424 1726 Cassius,
1469 1665 1519 1713 in
1568 1682 1627 1714 ea
1671 1664 1854 1713 familia

173 1761 331 1806 natus,
349 1766 474 1812 quae
500 1766 601 1798 non
627 1751 780 1797 modo
806 1749 1129 1807 dominatum,
1153 1749 1240 1796 sed
1266 1765 1328 1796 ne
1353 1745 1627 1810 potentiam
1652 1746 1852 1808 quidem
1878 1771 1920 1793 20

174 1831 467 1893 cuiusquam
509 1832 630 1878 ferre
668 1831 841 1892 potuit,
890 1846 971 1877 me
1010 1839 1274 1887 auctorem,
1319 1829 1482 1887 credo,
1526 1826 1852 1875 desideravit:

175 1912 260 1975 qui
296 1911 444 1960 etiam
482 1911 587 1959 sine
622 1911 697 1958 his
733 1911 1009 1958 clarissimis
1046 1910 1158 1957 viris
1195 1911 1324 1956 hanc
1359 1925 1462 1957 rem
1497 1907 1548 1955 in
1586 1906 1762 1957 Cilicia
1791 1907 1855 1955 ad

175 1992 355 2041 ostium
381 1991 592 2039 fluminis
617 1991 781 2054 Cydni
805 1992 1112 2051 confecisset,
1132 1991 1170 2038 si
1195 1990 1275 2038 ille
1295 1992 1359 2039 ad
1385 2006 1495 2037 eam
1513 1989 1684 2051 ripam,
1707 2005 1853 2051 quam

99 2075 157 2121 27
177 2073 507 2130 constituerat,
533 2088 636 2120 non
661 2073 725 2120 ad
750 2061 1044 2120 contrariam
1069 2072 1206 2118 navis
1231 2070 1512 2133 appulisset.
1566 2071 1658 2118 Cn.
1686 2069 1856 2117 Domi-

177 2155 301 2201 tium
326 2169 427 2201 non
453 2152 601 2214 patris
626 2151 864 2210 interitus,
891 2150 1146 2199 clarissimi
1178 2149 1278 2209 viri,
1306 2166 1408 2197 non
1444 2147 1672 2196 avonculi
1707 2164 1852 2208 mors,
1881 2173 1920 2204 25

178 2250 283 2281 non
321 2232 553 2294 spoliatio
594 2231 845 2293 dignitatis
893 2232 955 2279 ad
1003 2231 1392 2292 recuperandam
1433 2228 1723 2286 libertatem,
1768 2230 1857 2276 sed

177 2330 290 2362 mea
326 2313 590 2361 auctoritas
633 2312 898 2361 excitavit?
966 2315 1047 2359 An
1088 2314 1143 2360 C.
1184 2310 1436 2359 Trebonio
1472 2325 1564 2372 ego
1600 2309 1856 2371 persuasi?

179 2396 257 2442 cui
282 2410 344 2442 ne
371 2395 574 2442 suadere
599 2394 802 2455 quidem
828 2410 973 2442 ausus
1001 2409 1188 2441 essem:
1225 2408 1326 2454 quo
1357 2390 1504 2439 etiam
1540 2389 1776 2437 maiorem
1812 2389 1857 2437 ei

180 2490 255 2522 res
297 2474 496 2535 publica
532 2473 737 2536 gratiam
780 2475 944 2533 debet,
988 2473 1072 2535 qui
1110 2473 1388 2520 libertatem
1430 2469 1599 2533 populi
1642 2468 1858 2518 Romani

179 2553 322 2601 unius
370 2553 613 2602 amicitiae
660 2556 957 2616 praeposuit,
999 2554 1330 2616 depulsorque
1378 2551 1658 2599 dominatus
1707 2566 1855 2612 quam
1881 2576 1922 2605 30

181 2635 424 2698 particeps
459 2651 567 2683 esse
601 2635 786 2683 maluit.
859 2638 940 2682 An
981 2636 1035 2682 L.
1074 2633 1248 2681 Tillius
1286 2632 1486 2681 Cimber
1519 2646 1600 2679 me
1636 2639 1709 2678 est
1744 2646 1855 2678 auc-

182 2727 339 2764 torem
377 2717 608 2763 secutus?
657 2731 806 2776 quem
845 2731 934 2778 ego
971 2716 1124 2777 magis
1161 2713 1334 2761 fecisse
1358 2712 1491 2759 illam
1515 2727 1619 2758 rem
1645 2726 1753 2757 sum
1777 2711 1858 2758 ad-

182 2796 396 2855 miratus,
441 2811 590 2857 quam
630 2797 868 2843 facturum
909 2796 1089 2858 putavi,
1138 2793 1403 2843 admiratus
1445 2800 1610 2840 autem
1645 2792 1711 2840 ob
1747 2807 1855 2839 eam
