2023 3132
178 91 351 140 XXVI
379 87 462 155 65]
543 89 816 138 ORATIO
861 86 1301 136 PHILIPPICA
1354 86 1726 135 SECUNDA.
1790 101 1849 147 23

175 199 442 247 vivendum
467 199 711 246 latronum
736 195 843 255 ritu,
871 204 925 244 ut
949 204 1141 243 tantum
1170 195 1389 251 haberet,
1416 203 1656 255 quantum
1681 209 1850 254 rapere
1973 170 1986 253 ξ

176 287 428 341 potuisset.

279 358 376 406 Sed
400 359 536 415 haec,
564 373 691 419 quae
716 355 999 405 robustioris
1024 354 1352 418 improbitatis
1378 362 1506 412 sunt,
1533 352 1847 402 omittamus:
1870 354 1931 400 63

175 439 435 500 loquamur
475 438 637 499 potius
676 438 739 485 de
781 435 1085 498 nequissimo
1122 451 1301 497 genere
1339 433 1561 482 levitatis.
1632 435 1713 480 Tu
1753 432 1856 481 istis

132 545 152 576 5
175 519 410 576 faucibus,
437 518 540 566 istis
575 518 823 575 lateribus,
849 516 942 565 ista
976 516 1264 580 gladiatoria
1299 515 1449 564 totius
1475 514 1690 577 corporis
1714 513 1857 562 firmi-

177 609 276 648 tate
301 607 492 647 tantum
517 597 618 646 vini
636 597 687 645 in
708 597 927 659 Hippiae
947 596 1129 659 nuptiis
1149 598 1456 655 exhauseras,
1475 605 1528 643 ut
1548 595 1636 643 tibi
1655 610 1856 643 necesse

179 689 306 728 esset
329 678 381 727 in
406 678 575 741 populi
603 677 819 726 Romani
843 686 1116 740 conspectu
1140 674 1338 725 vomere
1363 676 1617 739 postridie.
1687 677 1733 724 O
1753 692 1856 723 rern

176 778 279 810 non
314 762 464 809 modo
500 759 605 807 visu
640 760 852 819 foedam,
882 760 969 807 sed
994 758 1142 807 etiam
1167 757 1367 805 auditu!
1437 757 1489 806 Si
1522 756 1649 804 inter
1683 771 1857 803 cenam

178 841 229 889 in
254 841 371 904 ipsis
396 841 490 889 tuis
515 840 814 888 immanibus
839 840 933 887 illis
966 838 1159 901 poculis
1194 840 1291 886 hoc
1327 837 1415 885 tibi
1451 836 1722 894 accidisset,
1749 835 1858 898 quis

115 950 156 972 10
178 939 279 971 non
304 933 444 985 turpe
470 923 707 970 duceret?
755 923 816 968 In
841 930 988 968 coetu
1013 936 1128 968 vero
1153 919 1324 982 populi
1350 918 1579 976 Romani,
1606 918 1858 980 negotium

179 1004 430 1067 publicum
455 1021 641 1067 gerens,
669 1004 897 1065 magister
921 1002 1157 1064 equiturn,
1178 1001 1258 1049 cui
1282 1011 1470 1050 ructare
1496 1010 1634 1063 turpe
1660 1011 1802 1059 esset,
1819 999 1858 1047 is

178 1102 385 1134 vomens
420 1084 580 1133 frustis
616 1083 877 1133 esculentis
901 1082 1068 1130 vinum
1094 1081 1429 1130 redolentibus
1454 1080 1691 1143 gremium
1718 1095 1859 1127 suum

179 1175 228 1214 et
252 1174 410 1213 totum
430 1165 642 1213 tribunal
667 1163 901 1226 implevit.
955 1164 1052 1212 Sed
1076 1164 1200 1211 haec
1226 1162 1330 1224 ipse
1354 1163 1532 1210 fatetur
1556 1177 1662 1209 esse
1686 1160 1737 1208 in
1763 1159 1859 1208 suis

180 1246 437 1294 sordibus:
473 1245 727 1294 veniamus
752 1246 816 1293 ad
842 1242 1188 1306 splendidiora.

116 1351 157 1381 15
282 1328 470 1373 XXVI.
547 1328 727 1375 Caesar
752 1326 1063 1373 Alexandrea
1089 1341 1140 1373 se
1164 1324 1364 1386 recepit,
1390 1323 1517 1383 felix,
1544 1334 1597 1373 ut
1631 1323 1723 1373 sibi
1759 1323 1860 1386 qui·
1879 1324 1940 1371 64

180 1408 295 1457 dem
333 1407 606 1467 videbatur,
646 1423 758 1455 mea
797 1416 963 1454 autern
1006 1406 1263 1465 sententia,
1307 1406 1392 1468 qui
1433 1405 1502 1454 rei
1538 1406 1766 1467 publicae
1801 1405 1862 1453 sit

181 1488 349 1547 hostis,
374 1487 489 1536 felix
514 1505 620 1536 esse
645 1504 793 1536 nemo
818 1497 995 1550 potest.
1072 1490 1233 1535 Hasta
1257 1487 1417 1550 posita
1448 1503 1536 1549 pro
1569 1489 1692 1535 aede
1730 1486 1862 1535 Iovis

184 1569 386 1618 Statoris
429 1571 562 1617 bona
611 1569 832 1617 subiecta
878 1571 968 1618 Cn.
1018 1568 1528 1630 Pompei—miserum
1574 1584 1654 1616 me
1676 1571 1685 1615 Ξ
1747 1583 1861 1615 con-

182 1650 386 1712 sumptis
423 1649 555 1698 enim
589 1650 799 1698 lacrimis
835 1660 1001 1699 tamen
1037 1649 1214 1698 infixus
1249 1651 1417 1698 haeret
1449 1647 1614 1695 animo
1640 1648 1861 1707 dolor—‚

118 1756 159 1778 20
181 1731 329 1790 bona,
355 1729 572 1792 inquam,
594 1732 685 1780 Cn.
711 1730 918 1793 Pompei
945 1730 1118 1792 Magni
1142 1729 1254 1778 voci
1279 1727 1619 1778 acerbissimae
1645 1727 1865 1776 subiecta

181 1811 449 1874 praeconis.
526 1813 644 1860 Una
667 1811 717 1858 in
742 1811 824 1859 illa
848 1828 898 1859 re
932 1811 1175 1860 servitutis
1212 1811 1367 1859 oblita
1402 1809 1571 1857 civitas
1607 1808 1858 1870 ingemuit,

183 1891 602 1954 servientibusque
628 1891 817 1951 animis,
845 1909 958 1940 cum
983 1891 1150 1941 omnia
1175 1902 1310 1940 metu
1334 1899 1628 1947 tenerentur,
1656 1889 1864 1952 gemitus

182 1980 349 2020 tamen
385 1971 555 2033 populi
592 1971 808 2020 Romani
843 1972 966 2021 liber
1002 1972 1105 2021 fuit.
1180 1971 1595 2034 Exspectantibus
1638 1968 1866 2018 omnibus

185 2051 412 2115 quisnam
438 2062 566 2101 esset
590 2062 691 2101 tarn
716 2053 910 2115 impius,
937 2062 1037 2101 tam
1073 2053 1292 2113 demens,
1320 2063 1420 2100 tarn
1457 2051 1531 2100 dis
1567 2051 1866 2099 hominibus-

125 2159 164 2189 25
188 2149 285 2196 que
308 2133 478 2193 hostis,
507 2133 590 2196 qui
613 2135 678 2182 ad
703 2135 825 2183 illud
850 2135 1007 2182 scelus
1032 2133 1263 2182 sectionis
1296 2135 1498 2182 auderet
1522 2133 1769 2192 accedere,
1799 2131 1867 2179 in-

185 2223 362 2263 ventus
387 2224 460 2263 est
484 2230 633 2263 nemo
652 2224 844 2277 praeter
862 2215 1153 2274 Antonium,
1171 2214 1455 2278 praesertim
1475 2231 1589 2262 cum
1608 2223 1682 2262 tot
1706 2223 1867 2262 essent

184 2294 368 2342 circum
409 2296 598 2342 hastam
640 2295 790 2353 illam,
836 2295 920 2357 qui
961 2295 1057 2344 alia
1095 2295 1264 2344 omnia
1298 2296 1546 2344 auderent.
1619 2298 1764 2344 Unus
1798 2294 1869 2342 in-

183 2384 359 2423 ventus
397 2384 468 2423 est
503 2375 588 2437 qui
618 2375 671 2423 id
703 2375 919 2439 auderet,
947 2377 1085 2438 quod
1109 2375 1331 2425 omnium
1355 2375 1559 2438 fugisset
1584 2385 1633 2423 et
1656 2374 1866 2423 reformi-

185 2456 350 2504 dasset
385 2455 603 2504 audacia„
677 2459 868 2505 Tantus
904 2456 1047 2519 igitur
1081 2466 1131 2505 te
1172 2468 1343 2519 stupor
1384 2456 1641 2519 oppressit,
1679 2457 1770 2515 vel,
1808 2465 1862 2503 ut
1883 2455 1944 2502 65

120 2560 164 2592 3ο
186 2535 344 2585 verius
381 2538 557 2597 dicam,
595 2545 759 2585 tantus
795 2539 938 2597 furor,
976 2546 1030 2585 ut
1065 2537 1292 2600 primum,
1327 2554 1437 2585 cum
1477 2547 1638 2585 sector
1672 2536 1737 2584 sis
1772 2538 1868 2583 isto

185 2616 299 2665 loco
332 2626 490 2676 natus,
528 2618 709 2666 deinde
745 2634 858 2666 curn
895 2617 1102 2681 Pompei
1137 2628 1313 2676 sector,
1343 2634 1446 2666 non
1481 2626 1530 2666 te
1566 2625 1867 2666 exsecratum

186 2697 372 2758 populo
397 2699 645 2757 Romano,
671 2715 773 2747 non
799 2698 1158 2757 detestabilem,
1185 2714 1287 2747 non
1313 2698 1474 2746 omnis
1498 2696 1588 2746 tibi
1612 2698 1746 2755 deos,
1766 2711 1868 2743 non

188 2774 351 2823 omnis
375 2776 600 2824 homines
625 2786 674 2825 et
699 2793 805 2825 esse
830 2776 1053 2826 inimicos
1087 2786 1136 2826 et
1167 2779 1352 2825 futuros
1389 2777 1550 2825 scias?
1618 2779 1684 2824 At
1720 2790 1867 2837 quam
