2023 3132
179 102 228 148 V
256 98 361 166 12]‘
428 100 703 150 ORATIO
749 98 1186 147 PHILIPPICA
1235 99 1609 148 SECUNDA.
1818 112 1843 160 5

174 217 224 257 et
263 208 314 256 in
357 210 428 256 M.
473 206 747 256 Antonium
787 207 943 254 multa
979 205 1193 255 dicenda
1230 206 1357 254 sint:
1406 208 1614 255 alterum
1660 216 1777 268 peto
1818 224 1848 256 a

175 288 329 346 vobis,
354 298 408 336 ut
432 305 512 337 me
536 303 626 350 pro
651 303 731 335 me
756 287 1005 335 dicentem
1029 285 1259 348 benigne,
1277 287 1483 334 alterurn
1509 286 1616 348 ipse
1641 286 1847 335 efficiam

175 381 244 429 ut,
278 379 449 418 contra
483 370 619 417 illurn
652 385 765 417 curn
802 368 978 426 dicam,
1016 376 1203 416 attente
1239 366 1459 415 audiatis.
1533 367 1688 415 Simul
1727 367 1849 416 illud

175 467 285 500 oro:
325 450 365 498 si
400 465 563 497 meam
598 465 714 497 cum
739 448 789 496 in
815 447 950 497 omni
973 447 1086 507 vita,
1115 456 1218 496 turn
1243 446 1294 494 in
1319 447 1534 495 dicendo
1558 447 1850 496 moderatio-

174 547 287 578 nem
328 530 722 592 modestiamque
763 528 1027 591 cognostis,
1069 544 1133 576 ne
1180 545 1260 577 me
1300 527 1465 586 hodie,
1506 545 1619 576 cum
1662 528 1753 587 isti,
1795 538 1849 577 ut

174 611 471 673 provocavit,
521 612 836 673 respondero,
887 609 1094 658 oblitum
1142 625 1249 658 esse
1295 608 1473 672 putetis
1525 609 1635 657 mei.
1731 611 1848 657 Non

174 692 393 740 tractabo
428 700 483 738 ut
520 692 806 739 consulem:
853 707 916 738 ne
952 690 1033 738 ille
1070 690 1272 752 quidem
1320 706 1400 738 me
1435 699 1489 738 ut
1525 691 1844 738 consularem.

175 772 281 820 Etsi
316 772 397 821 ille
432 773 569 821 nullo
604 773 758 821 modo
794 773 982 830 consul,
1008 773 1086 820 vel
1111 773 1247 834 quod
1271 772 1337 820 ita
1362 771 1478 820 vivit
1502 773 1580 820 vel
1611 773 1746 833 quod
1782 773 1850 820 ita

172 868 274 900 rern
309 850 557 914 publicam
593 851 716 914 gerit
750 853 827 899 vel
864 853 999 913 quod
1035 850 1103 899 ita
1138 853 1294 899 factus
1330 862 1435 900 est:
1483 868 1574 914 ego
1612 852 1716 900 sine
1751 853 1850 900 ulla

171 930 504 978 controversia
528 930 807 978 consularis.
869 933 940 980 Ut
965 930 1110 992 igitur
1134 929 1494 992 intellegeretis,
1522 933 1718 992 qualem
1743 930 1846 993 ipse
1867 932 1924 977 11

173 1028 224 1060 se
263 1013 518 1060 consulem
556 1013 873 1073 profiteretur,
919 1010 1099 1060 obiecit
1145 1010 1266 1058 mihi
1313 1012 1621 1059 consulatum
1667 1028 1845 1060 meum.

174 1092 272 1152 Qui
296 1093 578 1140 consulatus
602 1094 753 1141 verbo
778 1109 931 1150 meus,
958 1100 1123 1154 patres
1148 1091 1430 1154 conscripti,
1464 1109 1516 1140 re
1549 1102 1709 1140 vester
1741 1093 1845 1140 fuit.

174 1169 308 1231 Quid
344 1170 477 1219 enirn
514 1187 606 1233 ego
642 1171 890 1231 constitui,
918 1171 1037 1234 quid
1072 1171 1213 1234 gessi,
1240 1171 1358 1233 quid
1387 1171 1477 1233 egi,
1503 1170 1596 1218 nisi
1622 1187 1681 1219 ex
1704 1172 1848 1220 huius

173 1251 357 1299 ordinis
404 1251 625 1308 consilio,
675 1252 981 1312 auctoritate,
1031 1253 1312 1301 sententia?
1401 1255 1544 1300 Haec
1592 1262 1645 1301 tu
1693 1254 1846 1301 homo

110 1357 148 1386 15
172 1332 384 1394 sapiens,
424 1348 525 1380 non
564 1334 725 1381 solum
766 1335 1019 1396 eloquens,
1061 1336 1195 1396 apud
1242 1350 1342 1392 eOS,
1388 1350 1595 1396 quorum
1643 1334 1848 1383 consilio

172 1412 511 1475 sapientiaque
545 1423 682 1475 gesta
717 1424 842 1472 sunt,
871 1431 1016 1462 ausus
1054 1431 1106 1463 es
1141 1414 1446 1476 vituperare?
1525 1415 1647 1475 Quis
1683 1426 1848 1463 autern

172 1509 338 1540 meum
385 1494 712 1551 consulatum,
756 1504 946 1556 praeter
992 1504 1041 1544 te
1090 1494 1419 1556 Publiumque
1468 1495 1714 1552 Clodium,
1765 1494 1849 1556 qui

169 1572 478 1636 vituperaret,
515 1573 741 1622 inventus
777 1577 888 1624 est?
959 1576 1114 1626 Cuius
1151 1574 1354 1637 quidem
1390 1574 1478 1624 tibi
1514 1577 1683 1633 saturn,
1726 1574 1848 1624 sicut

172 1656 227 1704 C.
269 1655 486 1713 Curioni,
525 1666 718 1704 manet:
770 1656 1007 1718 quoniam
1042 1658 1094 1705 id
1131 1656 1268 1705 dorni
1303 1665 1417 1705 tuae
1452 1666 1538 1714 est,
1581 1657 1718 1718 quod
1758 1656 1849 1704 fuit

106 1763 124 1782 2
171 1735 363 1783 illorum
399 1736 592 1797 utrique
627 1737 784 1785 fatale.
862 1739 979 1784 Non
1015 1738 1180 1799 placet
1217 1738 1286 1785 M.
1315 1737 1537 1784 Antonio
1562 1737 1842 1784 consulatus
1865 1737 1923 1782 12

171 1833 323 1865 meus.
396 1819 462 1864 At
487 1816 672 1879 placuit
698 1819 749 1865 P.
778 1817 995 1876 Servilio,
1023 1828 1077 1866 ut
1102 1834 1214 1866 eum
1251 1817 1463 1879 primum
1500 1817 1752 1865 nominem
1790 1834 1848 1866 ex

169 1897 298 1945 illius
321 1897 553 1960 temporis
578 1899 929 1954 consularibus,
947 1899 1031 1960 qui
1049 1898 1271 1961 proxime
1297 1909 1370 1946 est
1396 1908 1637 1946 mortuos:
1664 1900 1848 1961 placuit

171 1979 230 2038 Q.
261 1979 454 2036 Catulo,
482 1978 618 2026 cuius
644 1995 840 2041 semper
864 1979 915 2027 in
939 1981 1031 2027 hac
1066 1996 1117 2029 re
1153 1979 1353 2042 publica
1387 1979 1517 2027 vivet
1553 1980 1847 2028 auctoritas:

169 2058 353 2121 placuit
378 2060 573 2107 duobus
599 2059 828 2118 Lucullis,
859 2061 927 2107 M.
950 2061 1143 2118 Crasso,
1163 2061 1222 2121 Q.
1245 2059 1529 2118 Hortensio,
1550 2060 1604 2109 C.
1626 2059 1844 2116 Curioni,

105 2165 144 2194 25
170 2141 226 2189 C.
256 2138 437 2196 Pisoni,
464 2139 548 2187 M'.
577 2140 845 2200 Glabrioni,
870 2142 951 2188 M'.
979 2141 1184 2203 Lepido,
1214 2143 1267 2188 L.
1294 2140 1538 2200 Volcatio,
1568 2142 1622 2190 C.
1654 2141 1842 2203 Figulo,

104 2571 144 2601 30

170 2221 232 2267 D.
271 2219 449 2278 Silano,
489 2221 543 2267 L.
584 2221 840 2281 Murenae,
872 2220 956 2283 qui
992 2231 1098 2268 turn
1135 2231 1271 2269 erant
1307 2223 1533 2270 consules
1570 2222 1843 2283 designati:

168 2300 353 2364 placuit
389 2301 524 2349 idern
560 2302 694 2363 quod
730 2302 1067 2350 consularibus
1095 2304 1165 2349 M.
1197 2302 1377 2351 Catoni
1395 2322 1407 2363 3
1444 2301 1666 2363 quicum
1691 2305 1844 2351 multa

167 2383 266 2431 vita
304 2384 546 2431 excedens
588 2382 815 2444 providit,
854 2393 960 2431 turn
999 2384 1136 2445 quod
1173 2393 1222 2431 te
1259 2384 1513 2430 consulem
1555 2399 1657 2432 non
1703 2382 1837 2432 vidit.

169 2462 388 2511 Maxime
422 2479 537 2511 vero
574 2464 885 2511 consulatum
925 2480 1093 2512 meum
1136 2464 1228 2513 Cn.
1268 2464 1538 2526 Pompeius
1583 2465 1842 2526 probavit;

167 2544 264 2606 qui,
289 2554 344 2591 ut
380 2559 459 2591 me
494 2543 707 2605 primum
744 2544 991 2593 decedens
1027 2561 1087 2593 ex
1126 2545 1262 2608 Syria
1296 2544 1432 2603 vidit,
1470 2546 1758 2607 complexus
1793 2556 1843 2594 et

167 2625 429 2687 gratulans,
450 2640 563 2672 meo
588 2624 830 2673 beneficio
854 2624 1061 2686 patriam
1087 2641 1139 2673 se
1163 2625 1378 2674 visurum
1405 2642 1511 2674 esse
1535 2625 1669 2674 dixit.
1743 2627 1840 2674 Sed

166 2704 287 2767 quid
333 2704 550 2767 singulos
595 2707 971 2753 commemoro?
1061 2705 1477 2768 Frequentissimo
1525 2706 1713 2754 senatui
1771 2708 1840 2754 sic

166 2785 362 2850 placuit,
380 2795 433 2834 ut
452 2795 578 2836 esset
597 2802 761 2844 nemo,
778 2785 863 2849 qui
888 2786 1007 2834 mihi
1030 2803 1132 2835 non
1157 2797 1210 2835 ut
1234 2786 1425 2850 parenti
1449 2786 1625 2850 gratias
1650 2796 1812 2850 ageret
1824 2805 1839 2847 3

1981 463 2023 494 ..ι’-
