<?xml version="1.0" encoding="UTF-8"?>
<!DOCTYPE html PUBLIC "-//W3C//DTD XHTML 1.0 Transitional//EN"
    "http://www.w3.org/TR/xhtml1/DTD/xhtml1-transitional.dtd">
<html xmlns="http://www.w3.org/1999/xhtml" xml:lang="en" lang="en">
 <head>
  <title>
</title>
<meta http-equiv="Content-Type" content="text/html;charset=utf-8" />
  <meta name='ocr-system' content='tesseract 3.04.00' />
  <meta name='ocr-capabilities' content='ocr_page ocr_carea ocr_par ocr_line ocrx_word'/>
</head>
<body>
  <div class='ocr_page' id='page_1' title='image "./oratiophilippica00ciceuoft_0065.png"; bbox 0 0 2062 3132; ppageno 0'>
   <div class='ocr_carea' id='block_1_1' title="bbox 166 71 1824 143">
    <p class='ocr_par' dir='ltr' id='par_1_1' title="bbox 166 71 1824 143">
     <span class='ocr_line' id='line_1_1' title="bbox 166 71 1824 143; baseline -0.007 -14"><span class='ocrx_word' id='word_1_1' title='bbox 166 79 286 130; x_wconf 86' lang='lat' dir='ltr'>XLI</span> <span class='ocrx_word' id='word_1_2' title='bbox 319 75 432 143; x_wconf 90' lang='lat'>106]</span> <span class='ocrx_word' id='word_1_3' title='bbox 508 75 782 126; x_wconf 83' lang='lat' dir='ltr'><em>ORATIO</em></span> <span class='ocrx_word' id='word_1_4' title='bbox 816 73 1254 122; x_wconf 80' lang='lat' dir='ltr'><em>PHILIPPICA</em></span> <span class='ocrx_word' id='word_1_5' title='bbox 1294 71 1663 120; x_wconf 82' lang='lat' dir='ltr'><em>SECUNDA.</em></span> <span class='ocrx_word' id='word_1_6' title='bbox 1765 84 1824 132; x_wconf 86' lang='lat'>37</span> 
     </span>
    </p>
   </div>
   <div class='ocr_carea' id='block_1_2' title="bbox 167 179 1832 487">
    <p class='ocr_par' dir='ltr' id='par_1_2' title="bbox 167 179 1832 487">
     <span class='ocr_line' id='line_1_2' title="bbox 167 179 1831 248; baseline -0.007 -12"><span class='ocrx_word' id='word_1_7' title='bbox 167 187 220 236; x_wconf 92' lang='lat' dir='ltr'>in</span> <span class='ocrx_word' id='word_1_8' title='bbox 242 187 452 248; x_wconf 92' lang='lat' dir='ltr'>reliquas</span> <span class='ocrx_word' id='word_1_9' title='bbox 476 182 842 232; x_wconf 89' lang='lat' dir='ltr'>innumerabilis</span> <span class='ocrx_word' id='word_1_10' title='bbox 868 182 1218 244; x_wconf 89' lang='lat' dir='ltr'>possessiones.</span> <span class='ocrx_word' id='word_1_11' title='bbox 1269 183 1333 228; x_wconf 92' lang='lat' dir='ltr'>Et</span> <span class='ocrx_word' id='word_1_12' title='bbox 1353 179 1391 227; x_wconf 91' lang='lat' dir='ltr'>si</span> <span class='ocrx_word' id='word_1_13' title='bbox 1410 181 1472 228; x_wconf 93' lang='lat' dir='ltr'>ab</span> <span class='ocrx_word' id='word_1_14' title='bbox 1496 181 1647 238; x_wconf 90' lang='lat' dir='ltr'>hasta,</span> <span class='ocrx_word' id='word_1_15' title='bbox 1674 180 1831 226; x_wconf 89' lang='lat' dir='ltr'>valeat</span> 
     </span>
     <span class='ocr_line' id='line_1_3' title="bbox 168 259 1830 329; baseline -0.007 -12"><span class='ocrx_word' id='word_1_16' title='bbox 168 265 561 329; x_wconf 72' lang='lat' dir='ltr'>hasta,&#39;valeant</span> <span class='ocrx_word' id='word_1_17' title='bbox 602 266 812 323; x_wconf 88' lang='lat' dir='ltr'>tabulae,</span> <span class='ocrx_word' id='word_1_18' title='bbox 849 265 1002 312; x_wconf 90' lang='lat' dir='ltr'>modo</span> <span class='ocrx_word' id='word_1_19' title='bbox 1043 261 1280 321; x_wconf 84' lang='lat' dir='ltr'>Caesaris,</span> <span class='ocrx_word' id='word_1_20' title='bbox 1319 278 1422 310; x_wconf 93' lang='lat' dir='ltr'>non</span> <span class='ocrx_word' id='word_1_21' title='bbox 1458 271 1601 309; x_wconf 89' lang='lat' dir='ltr'>tuae:</span> <span class='ocrx_word' id='word_1_22' title='bbox 1652 259 1830 321; x_wconf 94' lang='lat' dir='ltr'>quibus</span> 
     </span>
     <span class='ocr_line' id='line_1_4' title="bbox 171 338 1832 407; baseline -0.007 -11"><span class='ocrx_word' id='word_1_23' title='bbox 171 347 399 406; x_wconf 85' lang='lat' dir='ltr'>debuisti,</span> <span class='ocrx_word' id='word_1_24' title='bbox 442 362 545 395; x_wconf 93' lang='lat' dir='ltr'>non</span> <span class='ocrx_word' id='word_1_25' title='bbox 584 344 763 407; x_wconf 92' lang='lat' dir='ltr'>quibus</span> <span class='ocrx_word' id='word_1_26' title='bbox 809 353 862 391; x_wconf 88' lang='lat' dir='ltr'>tu</span> <span class='ocrx_word' id='word_1_27' title='bbox 909 353 957 391; x_wconf 93' lang='lat' dir='ltr'>te</span> <span class='ocrx_word' id='word_1_28' title='bbox 1003 340 1278 390; x_wconf 83' lang='lat' dir='ltr'>liberavisti.</span> <span class='ocrx_word' id='word_1_29' title='bbox 1350 338 1584 387; x_wconf 84' lang='lat' dir='ltr'>Varronis</span> <span class='ocrx_word' id='word_1_30' title='bbox 1629 338 1832 400; x_wconf 91' lang='lat' dir='ltr'>quidem</span> 
     </span>
     <span class='ocr_line' id='line_1_5' title="bbox 171 417 1832 487; baseline -0.007 -11"><span class='ocrx_word' id='word_1_31' title='bbox 171 428 454 478; x_wconf 87' lang='lat' dir='ltr'>Casinatem</span> <span class='ocrx_word' id='word_1_32' title='bbox 490 427 696 474; x_wconf 90' lang='lat' dir='ltr'>fundum</span> <span class='ocrx_word' id='word_1_33' title='bbox 739 425 847 487; x_wconf 91' lang='lat' dir='ltr'>quis</span> <span class='ocrx_word' id='word_1_34' title='bbox 884 423 1075 472; x_wconf 90' lang='lat' dir='ltr'>venisse</span> <span class='ocrx_word' id='word_1_35' title='bbox 1114 421 1270 471; x_wconf 88' lang='lat' dir='ltr'>dicit?</span> <span class='ocrx_word' id='word_1_36' title='bbox 1320 422 1429 484; x_wconf 90' lang='lat' dir='ltr'>quis</span> <span class='ocrx_word' id='word_1_37' title='bbox 1466 421 1656 468; x_wconf 88' lang='lat' dir='ltr'>hastam</span> <span class='ocrx_word' id='word_1_38' title='bbox 1696 417 1832 466; x_wconf 91' lang='lat' dir='ltr'>istius</span> 
     </span>
    </p>
   </div>
   <div class='ocr_carea' id='block_1_3' title="bbox 123 498 1832 567">
    <p class='ocr_par' dir='ltr' id='par_1_3' title="bbox 123 498 1832 567">
     <span class='ocr_line' id='line_1_6' title="bbox 123 498 1832 567; baseline -0.007 -11"><span class='ocrx_word' id='word_1_39' title='bbox 123 534 143 565; x_wconf 75' lang='grc' dir='ltr'><strong><em>ς</em></strong></span> <span class='ocrx_word' id='word_1_40' title='bbox 164 507 462 557; x_wconf 89' lang='lat' dir='ltr'>venditionis</span> <span class='ocrx_word' id='word_1_41' title='bbox 497 507 655 554; x_wconf 89' lang='lat' dir='ltr'>vidit?</span> <span class='ocrx_word' id='word_1_42' title='bbox 704 505 811 567; x_wconf 92' lang='lat' dir='ltr'>quis</span> <span class='ocrx_word' id='word_1_43' title='bbox 847 521 1022 553; x_wconf 90' lang='lat' dir='ltr'>vocem</span> <span class='ocrx_word' id='word_1_44' title='bbox 1057 502 1312 566; x_wconf 90' lang='lat' dir='ltr'>praeconis</span> <span class='ocrx_word' id='word_1_45' title='bbox 1345 500 1565 550; x_wconf 86' lang='lat' dir='ltr'>audivit?</span> <span class='ocrx_word' id='word_1_46' title='bbox 1637 498 1832 546; x_wconf 91' lang='lat' dir='ltr'>Misisse</span> 
     </span>
    </p>
   </div>
   <div class='ocr_carea' id='block_1_4' title="bbox 105 941 146 962">
    <p class='ocr_par' dir='ltr' id='par_1_4' title="bbox 105 941 146 962">
     <span class='ocr_line' id='line_1_7' title="bbox 105 941 146 962; baseline 0 0"><span class='ocrx_word' id='word_1_47' title='bbox 105 941 146 962; x_wconf 88' lang='lat'>10</span> 
     </span>
    </p>
   </div>
   <div class='ocr_carea' id='block_1_5' title="bbox 109 1341 148 1369">
    <p class='ocr_par' dir='ltr' id='par_1_5' title="bbox 109 1341 148 1369">
     <span class='ocr_line' id='line_1_8' title="bbox 109 1341 148 1369; baseline 0 0"><span class='ocrx_word' id='word_1_48' title='bbox 109 1341 148 1369; x_wconf 86' lang='lat'>15</span> 
     </span>
    </p>
   </div>
   <div class='ocr_carea' id='block_1_6' title="bbox 111 2146 150 2177">
    <p class='ocr_par' dir='ltr' id='par_1_6' title="bbox 111 2146 150 2177">
     <span class='ocr_line' id='line_1_9' title="bbox 111 2146 150 2177; baseline 0 0"><span class='ocrx_word' id='word_1_49' title='bbox 111 2146 150 2177; x_wconf 85' lang='lat'>25</span> 
     </span>
    </p>
   </div>
   <div class='ocr_carea' id='block_1_7' title="bbox 170 578 1962 2827">
    <p class='ocr_par' dir='ltr' id='par_1_7' title="bbox 170 578 1955 1364">
     <span class='ocr_line' id='line_1_10' title="bbox 170 578 1833 648; baseline -0.008 -10"><span class='ocrx_word' id='word_1_50' title='bbox 170 599 218 638; x_wconf 92' lang='lat' dir='ltr'>te</span> <span class='ocrx_word' id='word_1_51' title='bbox 242 588 363 638; x_wconf 89' lang='lat' dir='ltr'>dicis</span> <span class='ocrx_word' id='word_1_52' title='bbox 388 589 760 644; x_wconf 80' lang='lat' dir='ltr'>Alexandream,</span> <span class='ocrx_word' id='word_1_53' title='bbox 789 586 872 648; x_wconf 89' lang='lat' dir='ltr'>qui</span> <span class='ocrx_word' id='word_1_54' title='bbox 901 594 1085 634; x_wconf 91' lang='lat' dir='ltr'>emeret</span> <span class='ocrx_word' id='word_1_55' title='bbox 1121 602 1150 633; x_wconf 92' lang='lat' dir='ltr'>a</span> <span class='ocrx_word' id='word_1_56' title='bbox 1186 586 1408 634; x_wconf 88' lang='lat' dir='ltr'>Caesare.</span> <span class='ocrx_word' id='word_1_57' title='bbox 1496 584 1666 644; x_wconf 92' lang='lat' dir='ltr'>Ipsum</span> <span class='ocrx_word' id='word_1_58' title='bbox 1703 578 1833 628; x_wconf 88' lang='lat' dir='ltr'>enim</span> 
     </span>
     <span class='ocr_line' id='line_1_11' title="bbox 170 657 1955 732; baseline -0.008 -13"><span class='ocrx_word' id='word_1_59' title='bbox 170 679 450 732; x_wconf 85' lang='lat' dir='ltr'>exspectare</span> <span class='ocrx_word' id='word_1_60' title='bbox 497 685 730 732; x_wconf 84' lang='lat' dir='ltr'>magnum</span> <span class='ocrx_word' id='word_1_61' title='bbox 776 667 896 715; x_wconf 87' lang='lat' dir='ltr'>fuit!</span> <span class='ocrx_word' id='word_1_62' title='bbox 968 666 1091 727; x_wconf 92' lang='lat' dir='ltr'>Quis</span> <span class='ocrx_word' id='word_1_63' title='bbox 1139 682 1254 713; x_wconf 86' lang='lat' dir='ltr'>vero</span> <span class='ocrx_word' id='word_1_64' title='bbox 1302 662 1487 712; x_wconf 91' lang='lat' dir='ltr'>audivit</span> <span class='ocrx_word' id='word_1_65' title='bbox 1533 677 1835 722; x_wconf 89' lang='lat' dir='ltr'>umquam—</span> <span class='ocrx_word' id='word_1_66' title='bbox 1861 657 1955 706; x_wconf 82' lang='lat'>104</span> 
     </span>
     <span class='ocr_line' id='line_1_12' title="bbox 171 740 1834 810; baseline -0.007 -10"><span class='ocrx_word' id='word_1_67' title='bbox 171 754 348 801; x_wconf 92' lang='lat' dir='ltr'>nullius</span> <span class='ocrx_word' id='word_1_68' title='bbox 374 761 538 801; x_wconf 91' lang='lat' dir='ltr'>autem</span> <span class='ocrx_word' id='word_1_69' title='bbox 564 752 692 798; x_wconf 90' lang='lat' dir='ltr'>salus</span> <span class='ocrx_word' id='word_1_70' title='bbox 717 765 861 797; x_wconf 91' lang='lat' dir='ltr'>curae</span> <span class='ocrx_word' id='word_1_71' title='bbox 887 747 1106 810; x_wconf 90' lang='lat' dir='ltr'>pluribus</span> <span class='ocrx_word' id='word_1_72' title='bbox 1130 746 1350 794; x_wconf 91' lang='lat' dir='ltr'>fuit—de</span> <span class='ocrx_word' id='word_1_73' title='bbox 1375 745 1578 793; x_wconf 89' lang='lat' dir='ltr'>fortunis</span> <span class='ocrx_word' id='word_1_74' title='bbox 1602 740 1834 790; x_wconf 89' lang='lat' dir='ltr'>Varronis</span> 
     </span>
     <span class='ocr_line' id='line_1_13' title="bbox 170 823 1835 890; baseline -0.007 -9"><span class='ocrx_word' id='word_1_75' title='bbox 170 850 273 881; x_wconf 91' lang='lat' dir='ltr'>rem</span> <span class='ocrx_word' id='word_1_76' title='bbox 308 834 457 880; x_wconf 90' lang='lat' dir='ltr'>ullam</span> <span class='ocrx_word' id='word_1_77' title='bbox 493 848 600 880; x_wconf 91' lang='lat' dir='ltr'>esse</span> <span class='ocrx_word' id='word_1_78' title='bbox 636 832 940 880; x_wconf 88' lang='lat' dir='ltr'>detractam?</span> <span class='ocrx_word' id='word_1_79' title='bbox 1013 829 1182 890; x_wconf 88' lang='lat' dir='ltr'>Quid?</span> <span class='ocrx_word' id='word_1_80' title='bbox 1218 827 1258 875; x_wconf 92' lang='lat' dir='ltr'>si</span> <span class='ocrx_word' id='word_1_81' title='bbox 1294 826 1442 875; x_wconf 89' lang='lat' dir='ltr'>etiarn</span> <span class='ocrx_word' id='word_1_82' title='bbox 1478 823 1667 887; x_wconf 86' lang='lat' dir='ltr'>scripsit</span> <span class='ocrx_word' id='word_1_83' title='bbox 1699 824 1763 871; x_wconf 91' lang='lat' dir='ltr'>ad</span> <span class='ocrx_word' id='word_1_84' title='bbox 1786 833 1835 870; x_wconf 90' lang='lat' dir='ltr'>te</span> 
     </span>
     <span class='ocr_line' id='line_1_14' title="bbox 170 904 1834 973; baseline -0.006 -11"><span class='ocrx_word' id='word_1_85' title='bbox 170 915 363 971; x_wconf 87' lang='lat' dir='ltr'>Caesar,</span> <span class='ocrx_word' id='word_1_86' title='bbox 408 922 461 961; x_wconf 92' lang='lat' dir='ltr'>ut</span> <span class='ocrx_word' id='word_1_87' title='bbox 498 913 741 970; x_wconf 88' lang='lat' dir='ltr'>redderes,</span> <span class='ocrx_word' id='word_1_88' title='bbox 783 911 903 973; x_wconf 92' lang='lat' dir='ltr'>quid</span> <span class='ocrx_word' id='word_1_89' title='bbox 945 910 1059 958; x_wconf 91' lang='lat' dir='ltr'>satis</span> <span class='ocrx_word' id='word_1_90' title='bbox 1101 918 1265 972; x_wconf 90' lang='lat' dir='ltr'>potest</span> <span class='ocrx_word' id='word_1_91' title='bbox 1312 909 1409 957; x_wconf 89' lang='lat' dir='ltr'>dici</span> <span class='ocrx_word' id='word_1_92' title='bbox 1458 910 1519 956; x_wconf 93' lang='lat' dir='ltr'>de</span> <span class='ocrx_word' id='word_1_93' title='bbox 1565 917 1701 955; x_wconf 84' lang='lat' dir='ltr'>tanta</span> <span class='ocrx_word' id='word_1_94' title='bbox 1745 904 1834 952; x_wconf 84' lang='lat' dir='ltr'>im-</span> 
     </span>
     <span class='ocr_line' id='line_1_15' title="bbox 170 987 1832 1057; baseline -0.005 -15"><span class='ocrx_word' id='word_1_95' title='bbox 170 994 434 1057; x_wconf 89' lang='lat' dir='ltr'>pudentia?</span> <span class='ocrx_word' id='word_1_96' title='bbox 504 997 729 1042; x_wconf 85' lang='lat' dir='ltr'>Remove</span> <span class='ocrx_word' id='word_1_97' title='bbox 763 993 952 1055; x_wconf 88' lang='lat' dir='ltr'>gladios</span> <span class='ocrx_word' id='word_1_98' title='bbox 987 1008 1251 1054; x_wconf 89' lang='lat' dir='ltr'>parumper</span> <span class='ocrx_word' id='word_1_99' title='bbox 1284 990 1407 1050; x_wconf 93' lang='lat' dir='ltr'>illos,</span> <span class='ocrx_word' id='word_1_100' title='bbox 1436 1005 1560 1051; x_wconf 94' lang='lat' dir='ltr'>quos</span> <span class='ocrx_word' id='word_1_101' title='bbox 1595 987 1832 1035; x_wconf 91' lang='lat' dir='ltr'>videmus.</span> 
     </span>
     <span class='ocr_line' id='line_1_16' title="bbox 172 1067 1836 1137; baseline -0.005 -14"><span class='ocrx_word' id='word_1_102' title='bbox 172 1077 280 1123; x_wconf 91' lang='lat' dir='ltr'>Iam</span> <span class='ocrx_word' id='word_1_103' title='bbox 320 1074 573 1137; x_wconf 85' lang='lat' dir='ltr'>intelleges</span> <span class='ocrx_word' id='word_1_104' title='bbox 614 1073 760 1121; x_wconf 88' lang='lat' dir='ltr'>aliam</span> <span class='ocrx_word' id='word_1_105' title='bbox 799 1089 1023 1121; x_wconf 87' lang='lat' dir='ltr'>caussam</span> <span class='ocrx_word' id='word_1_106' title='bbox 1064 1089 1170 1121; x_wconf 91' lang='lat' dir='ltr'>esse</span> <span class='ocrx_word' id='word_1_107' title='bbox 1213 1073 1381 1119; x_wconf 88' lang='lat' dir='ltr'>hastae</span> <span class='ocrx_word' id='word_1_108' title='bbox 1418 1068 1653 1125; x_wconf 88' lang='lat' dir='ltr'>Caesaris,</span> <span class='ocrx_word' id='word_1_109' title='bbox 1692 1067 1836 1115; x_wconf 89' lang='lat' dir='ltr'>aliam</span> 
     </span>
     <span class='ocr_line' id='line_1_17' title="bbox 173 1147 1838 1203; baseline -0.004 -1"><span class='ocrx_word' id='word_1_110' title='bbox 173 1154 503 1203; x_wconf 88' lang='lat' dir='ltr'>confidentiae</span> <span class='ocrx_word' id='word_1_111' title='bbox 541 1163 590 1202; x_wconf 93' lang='lat' dir='ltr'>et</span> <span class='ocrx_word' id='word_1_112' title='bbox 637 1153 922 1202; x_wconf 89' lang='lat' dir='ltr'>temeritatis</span> <span class='ocrx_word' id='word_1_113' title='bbox 970 1161 1096 1200; x_wconf 88' lang='lat' dir='ltr'>tuae.</span> <span class='ocrx_word' id='word_1_114' title='bbox 1171 1153 1282 1199; x_wconf 91' lang='lat' dir='ltr'>Non</span> <span class='ocrx_word' id='word_1_115' title='bbox 1335 1149 1466 1198; x_wconf 89' lang='lat' dir='ltr'>enim</span> <span class='ocrx_word' id='word_1_116' title='bbox 1512 1160 1560 1198; x_wconf 91' lang='lat' dir='ltr'>te</span> <span class='ocrx_word' id='word_1_117' title='bbox 1608 1147 1838 1196; x_wconf 92' lang='lat' dir='ltr'>dominus</span> 
     </span>
     <span class='ocr_line' id='line_1_18' title="bbox 175 1230 1838 1295; baseline -0.004 -13"><span class='ocrx_word' id='word_1_118' title='bbox 175 1234 327 1282; x_wconf 90' lang='lat' dir='ltr'>modo</span> <span class='ocrx_word' id='word_1_119' title='bbox 363 1233 455 1281; x_wconf 91' lang='lat' dir='ltr'>illis</span> <span class='ocrx_word' id='word_1_120' title='bbox 492 1233 704 1293; x_wconf 89' lang='lat' dir='ltr'>sedibus,</span> <span class='ocrx_word' id='word_1_121' title='bbox 732 1234 820 1281; x_wconf 91' lang='lat' dir='ltr'>sed</span> <span class='ocrx_word' id='word_1_122' title='bbox 856 1232 1013 1295; x_wconf 88' lang='lat' dir='ltr'>quivis</span> <span class='ocrx_word' id='word_1_123' title='bbox 1050 1231 1250 1290; x_wconf 90' lang='lat' dir='ltr'>amicus,</span> <span class='ocrx_word' id='word_1_124' title='bbox 1282 1230 1482 1288; x_wconf 90' lang='lat' dir='ltr'>vicinus,</span> <span class='ocrx_word' id='word_1_125' title='bbox 1510 1231 1703 1291; x_wconf 87' lang='lat' dir='ltr'>hospes,</span> <span class='ocrx_word' id='word_1_126' title='bbox 1730 1243 1838 1289; x_wconf 88' lang='lat' dir='ltr'>pro-</span> 
     </span>
     <span class='ocr_line' id='line_1_19' title="bbox 173 1315 589 1364; baseline -0.002 -1"><span class='ocrx_word' id='word_1_127' title='bbox 173 1325 366 1364; x_wconf 88' lang='lat' dir='ltr'>curator</span> <span class='ocrx_word' id='word_1_128' title='bbox 390 1315 589 1364; x_wconf 89' lang='lat' dir='ltr'>arcebit.</span> 
     </span>
    </p>

    <p class='ocr_par' dir='ltr' id='par_1_8' title="bbox 174 1390 1962 2827">
     <span class='ocr_line' id='line_1_20' title="bbox 271 1390 1839 1457; baseline -0.004 -14"><span class='ocrx_word' id='word_1_129' title='bbox 271 1397 406 1443; x_wconf 89' lang='lat' dir='ltr'>XLI.</span> <span class='ocrx_word' id='word_1_130' title='bbox 479 1398 546 1442; x_wconf 93' lang='lat' dir='ltr'>At</span> <span class='ocrx_word' id='word_1_131' title='bbox 581 1411 728 1457; x_wconf 91' lang='lat' dir='ltr'>quam</span> <span class='ocrx_word' id='word_1_132' title='bbox 765 1395 945 1443; x_wconf 90' lang='lat' dir='ltr'>multos</span> <span class='ocrx_word' id='word_1_133' title='bbox 982 1394 1086 1442; x_wconf 90' lang='lat' dir='ltr'>dies</span> <span class='ocrx_word' id='word_1_134' title='bbox 1122 1394 1172 1441; x_wconf 93' lang='lat' dir='ltr'>in</span> <span class='ocrx_word' id='word_1_135' title='bbox 1209 1409 1267 1441; x_wconf 92' lang='lat' dir='ltr'>ea</span> <span class='ocrx_word' id='word_1_136' title='bbox 1301 1392 1414 1440; x_wconf 85' lang='lat' dir='ltr'>villa</span> <span class='ocrx_word' id='word_1_137' title='bbox 1450 1390 1723 1453; x_wconf 84' lang='lat' dir='ltr'>turpissime</span> <span class='ocrx_word' id='word_1_138' title='bbox 1766 1397 1839 1437; x_wconf 90' lang='lat' dir='ltr'>est</span> 
     </span>
     <span class='ocr_line' id='line_1_21' title="bbox 174 1473 1839 1538; baseline -0.005 -14"><span class='ocrx_word' id='word_1_139' title='bbox 174 1476 559 1538; x_wconf 81' lang='lat' dir='ltr'>perbacchatus!</span> <span class='ocrx_word' id='word_1_140' title='bbox 632 1477 713 1523; x_wconf 92' lang='lat' dir='ltr'>Ab</span> <span class='ocrx_word' id='word_1_141' title='bbox 749 1476 870 1522; x_wconf 89' lang='lat' dir='ltr'>hora</span> <span class='ocrx_word' id='word_1_142' title='bbox 905 1474 1044 1522; x_wconf 89' lang='lat' dir='ltr'>tertia</span> <span class='ocrx_word' id='word_1_143' title='bbox 1075 1474 1347 1531; x_wconf 87' lang='lat' dir='ltr'>bibebatur,</span> <span class='ocrx_word' id='word_1_144' title='bbox 1374 1473 1647 1528; x_wconf 91' lang='lat' dir='ltr'>ludebatur,</span> <span class='ocrx_word' id='word_1_145' title='bbox 1671 1485 1839 1517; x_wconf 87' lang='lat' dir='ltr'>vome-</span> 
     </span>
     <span class='ocr_line' id='line_1_22' title="bbox 174 1547 1840 1617; baseline -0.005 -13"><span class='ocrx_word' id='word_1_146' title='bbox 174 1558 327 1604; x_wconf 91' lang='lat' dir='ltr'>batur.</span> <span class='ocrx_word' id='word_1_147' title='bbox 426 1556 471 1604; x_wconf 93' lang='lat' dir='ltr'>O</span> <span class='ocrx_word' id='word_1_148' title='bbox 519 1564 649 1603; x_wconf 91' lang='lat' dir='ltr'>tecta</span> <span class='ocrx_word' id='word_1_149' title='bbox 696 1555 804 1617; x_wconf 91' lang='lat' dir='ltr'>ipsa</span> <span class='ocrx_word' id='word_1_150' title='bbox 850 1555 1027 1602; x_wconf 90' lang='lat' dir='ltr'>misera</span> <span class='ocrx_word' id='word_1_151' title='bbox 1073 1570 1243 1616; x_wconf 93' lang='lat' dir='ltr'>quam</span> <span class='ocrx_word' id='word_1_152' title='bbox 1291 1551 1513 1614; x_wconf 90' lang='lat' dir='ltr'>dispari</span> <span class='ocrx_word' id='word_1_153' title='bbox 1571 1547 1840 1599; x_wconf 82' lang='lat' dir='ltr'>domino!</span> 
     </span>
     <span class='ocr_line' id='line_1_23' title="bbox 176 1631 1840 1699; baseline -0.005 -13"><span class='ocrx_word' id='word_1_154' title='bbox 176 1639 491 1699; x_wconf 86' lang='lat' dir='ltr'>Quamquam</span> <span class='ocrx_word' id='word_1_155' title='bbox 528 1654 627 1699; x_wconf 93' lang='lat' dir='ltr'>quo</span> <span class='ocrx_word' id='word_1_156' title='bbox 664 1638 814 1685; x_wconf 92' lang='lat' dir='ltr'>modo</span> <span class='ocrx_word' id='word_1_157' title='bbox 851 1636 941 1684; x_wconf 91' lang='lat' dir='ltr'>iste</span> <span class='ocrx_word' id='word_1_158' title='bbox 977 1635 1246 1684; x_wconf 89' lang='lat' dir='ltr'>dominus?</span> <span class='ocrx_word' id='word_1_159' title='bbox 1281 1636 1369 1684; x_wconf 90' lang='lat' dir='ltr'>sed</span> <span class='ocrx_word' id='word_1_160' title='bbox 1405 1644 1569 1682; x_wconf 90' lang='lat' dir='ltr'>tamen</span> <span class='ocrx_word' id='word_1_161' title='bbox 1605 1649 1754 1694; x_wconf 91' lang='lat' dir='ltr'>quam</span> <span class='ocrx_word' id='word_1_162' title='bbox 1778 1631 1840 1679; x_wconf 93' lang='lat' dir='ltr'>ab</span> 
     </span>
     <span class='ocr_line' id='line_1_24' title="bbox 174 1713 1842 1780; baseline -0.005 -14"><span class='ocrx_word' id='word_1_163' title='bbox 174 1716 357 1780; x_wconf 88' lang='lat' dir='ltr'>dispari</span> <span class='ocrx_word' id='word_1_164' title='bbox 403 1719 722 1766; x_wconf 86' lang='lat' dir='ltr'>tenebantur!</span> <span class='ocrx_word' id='word_1_165' title='bbox 816 1716 1096 1764; x_wconf 85' lang='lat' dir='ltr'>Studiorum</span> <span class='ocrx_word' id='word_1_166' title='bbox 1144 1715 1276 1764; x_wconf 91' lang='lat' dir='ltr'>enirn</span> <span class='ocrx_word' id='word_1_167' title='bbox 1325 1730 1520 1763; x_wconf 90' lang='lat' dir='ltr'>suorum</span> <span class='ocrx_word' id='word_1_168' title='bbox 1567 1715 1636 1760; x_wconf 88' lang='lat' dir='ltr'>M.</span> <span class='ocrx_word' id='word_1_169' title='bbox 1686 1713 1842 1759; x_wconf 91' lang='lat' dir='ltr'>Varro</span> 
     </span>
     <span class='ocr_line' id='line_1_25' title="bbox 174 1791 1961 1857; baseline -0.005 -10"><span class='ocrx_word' id='word_1_170' title='bbox 174 1799 330 1848; x_wconf 88' lang='lat' dir='ltr'>voluit</span> <span class='ocrx_word' id='word_1_171' title='bbox 376 1797 512 1856; x_wconf 90' lang='lat' dir='ltr'>illud,</span> <span class='ocrx_word' id='word_1_172' title='bbox 563 1816 665 1847; x_wconf 92' lang='lat' dir='ltr'>non</span> <span class='ocrx_word' id='word_1_173' title='bbox 713 1798 973 1846; x_wconf 89' lang='lat' dir='ltr'>libidinum</span> <span class='ocrx_word' id='word_1_174' title='bbox 1022 1799 1365 1847; x_wconf 90' lang='lat' dir='ltr'>deversorium.</span> <span class='ocrx_word' id='word_1_175' title='bbox 1464 1797 1603 1857; x_wconf 85' lang='lat' dir='ltr'>Quae</span> <span class='ocrx_word' id='word_1_176' title='bbox 1654 1793 1706 1842; x_wconf 91' lang='lat' dir='ltr'>in</span> <span class='ocrx_word' id='word_1_177' title='bbox 1762 1793 1844 1840; x_wconf 91' lang='lat' dir='ltr'>illa</span> <span class='ocrx_word' id='word_1_178' title='bbox 1869 1791 1961 1838; x_wconf 87' lang='lat'>105</span> 
     </span>
     <span class='ocr_line' id='line_1_26' title="bbox 174 1874 1841 1941; baseline -0.003 -15"><span class='ocrx_word' id='word_1_179' title='bbox 174 1879 289 1927; x_wconf 89' lang='lat' dir='ltr'>villa</span> <span class='ocrx_word' id='word_1_180' title='bbox 340 1889 487 1927; x_wconf 89' lang='lat' dir='ltr'>antea</span> <span class='ocrx_word' id='word_1_181' title='bbox 533 1880 852 1928; x_wconf 75' lang='lat' dir='ltr'>dicebantur!</span> <span class='ocrx_word' id='word_1_182' title='bbox 906 1895 1033 1941; x_wconf 89' lang='lat' dir='ltr'>quae</span> <span class='ocrx_word' id='word_1_183' title='bbox 1080 1878 1448 1941; x_wconf 79' lang='lat' dir='ltr'>cogitabantur!</span> <span class='ocrx_word' id='word_1_184' title='bbox 1501 1893 1626 1939; x_wconf 89' lang='lat' dir='ltr'>quae</span> <span class='ocrx_word' id='word_1_185' title='bbox 1672 1874 1841 1922; x_wconf 89' lang='lat' dir='ltr'>litteris</span> 
     </span>
     <span class='ocr_line' id='line_1_27' title="bbox 176 1954 1839 2022; baseline -0.004 -15"><span class='ocrx_word' id='word_1_186' title='bbox 176 1960 564 2008; x_wconf 87' lang='lat' dir='ltr'>mandabantur!</span> <span class='ocrx_word' id='word_1_187' title='bbox 636 1960 750 2006; x_wconf 90' lang='lat' dir='ltr'>Iura</span> <span class='ocrx_word' id='word_1_188' title='bbox 773 1961 945 2022; x_wconf 91' lang='lat' dir='ltr'>populi</span> <span class='ocrx_word' id='word_1_189' title='bbox 972 1960 1202 2017; x_wconf 90' lang='lat' dir='ltr'>Romani,</span> <span class='ocrx_word' id='word_1_190' title='bbox 1228 1966 1550 2006; x_wconf 91' lang='lat' dir='ltr'>monumenta</span> <span class='ocrx_word' id='word_1_191' title='bbox 1583 1954 1839 2013; x_wconf 87' lang='lat' dir='ltr'>maiorum,</span> 
     </span>
     <span class='ocr_line' id='line_1_28' title="bbox 177 2039 1842 2103; baseline -0.003 -14"><span class='ocrx_word' id='word_1_192' title='bbox 177 2039 338 2089; x_wconf 88' lang='lat' dir='ltr'>omnis</span> <span class='ocrx_word' id='word_1_193' title='bbox 385 2040 654 2103; x_wconf 89' lang='lat' dir='ltr'>sapientiae</span> <span class='ocrx_word' id='word_1_194' title='bbox 700 2040 823 2088; x_wconf 89' lang='lat' dir='ltr'>ratio</span> <span class='ocrx_word' id='word_1_195' title='bbox 871 2040 1130 2103; x_wconf 92' lang='lat' dir='ltr'>omnisque</span> <span class='ocrx_word' id='word_1_196' title='bbox 1178 2040 1440 2089; x_wconf 83' lang='lat' dir='ltr'>doctrinae.</span> <span class='ocrx_word' id='word_1_197' title='bbox 1525 2041 1593 2086; x_wconf 93' lang='lat' dir='ltr'>At</span> <span class='ocrx_word' id='word_1_198' title='bbox 1632 2053 1748 2086; x_wconf 91' lang='lat' dir='ltr'>vero</span> <span class='ocrx_word' id='word_1_199' title='bbox 1795 2046 1842 2084; x_wconf 93' lang='lat' dir='ltr'>te</span> 
     </span>
     <span class='ocr_line' id='line_1_29' title="bbox 175 2116 1842 2184; baseline -0.002 -16"><span class='ocrx_word' id='word_1_200' title='bbox 175 2120 587 2183; x_wconf 83' lang='lat' dir='ltr'>inquilino—non</span> <span class='ocrx_word' id='word_1_201' title='bbox 629 2120 761 2168; x_wconf 90' lang='lat' dir='ltr'>enim</span> <span class='ocrx_word' id='word_1_202' title='bbox 798 2120 1402 2184; x_wconf 89' lang='lat' dir='ltr'>domino—personabant</span> <span class='ocrx_word' id='word_1_203' title='bbox 1438 2118 1605 2168; x_wconf 89' lang='lat' dir='ltr'>omnia</span> <span class='ocrx_word' id='word_1_204' title='bbox 1638 2116 1842 2166; x_wconf 90' lang='lat' dir='ltr'>vocibus</span> 
     </span>
     <span class='ocr_line' id='line_1_30' title="bbox 177 2197 1840 2263; baseline -0.002 -14"><span class='ocrx_word' id='word_1_205' title='bbox 177 2200 420 2249; x_wconf 89' lang='lat' dir='ltr'>ebriorum</span> <span class='ocrx_word' id='word_1_206' title='bbox 431 2217 444 2259; x_wconf 80' lang='lat'><em>3</em></span> <span class='ocrx_word' id='word_1_207' title='bbox 497 2202 732 2248; x_wconf 90' lang='lat' dir='ltr'>natabant</span> <span class='ocrx_word' id='word_1_208' title='bbox 777 2200 1061 2263; x_wconf 91' lang='lat' dir='ltr'>pavimenta</span> <span class='ocrx_word' id='word_1_209' title='bbox 1106 2200 1246 2261; x_wconf 85' lang='lat' dir='ltr'>vino;</span> <span class='ocrx_word' id='word_1_210' title='bbox 1300 2201 1568 2249; x_wconf 88' lang='lat' dir='ltr'>madebant</span> <span class='ocrx_word' id='word_1_211' title='bbox 1618 2197 1840 2262; x_wconf 91' lang='lat' dir='ltr'>parietes.</span> 
     </span>
     <span class='ocr_line' id='line_1_31' title="bbox 180 2280 1843 2344; baseline -0.003 -13"><span class='ocrx_word' id='word_1_212' title='bbox 180 2283 362 2332; x_wconf 89' lang='lat' dir='ltr'>Casino</span> <span class='ocrx_word' id='word_1_213' title='bbox 388 2283 650 2330; x_wconf 88' lang='lat' dir='ltr'>salutatum</span> <span class='ocrx_word' id='word_1_214' title='bbox 674 2281 952 2341; x_wconf 89' lang='lat' dir='ltr'>veniebant,</span> <span class='ocrx_word' id='word_1_215' title='bbox 980 2282 1195 2344; x_wconf 92' lang='lat' dir='ltr'>Aquino,</span> <span class='ocrx_word' id='word_1_216' title='bbox 1225 2284 1521 2330; x_wconf 90' lang='lat' dir='ltr'>Interamna.</span> <span class='ocrx_word' id='word_1_217' title='bbox 1583 2280 1843 2328; x_wconf 89' lang='lat' dir='ltr'>Admissus</span> 
     </span>
     <span class='ocr_line' id='line_1_32' title="bbox 179 2359 1844 2422; baseline -0.001 -14"><span class='ocrx_word' id='word_1_218' title='bbox 179 2369 254 2409; x_wconf 92' lang='lat' dir='ltr'>est</span> <span class='ocrx_word' id='word_1_219' title='bbox 277 2376 438 2408; x_wconf 89' lang='lat' dir='ltr'>nemo.</span> <span class='ocrx_word' id='word_1_220' title='bbox 514 2362 627 2408; x_wconf 91' lang='lat' dir='ltr'>Iure</span> <span class='ocrx_word' id='word_1_221' title='bbox 651 2360 703 2408; x_wconf 92' lang='lat' dir='ltr'>id</span> <span class='ocrx_word' id='word_1_222' title='bbox 728 2360 930 2422; x_wconf 90' lang='lat' dir='ltr'>quidem</span> <span class='ocrx_word' id='word_1_223' title='bbox 953 2379 962 2408; x_wconf 91' lang='lat'>:</span> <span class='ocrx_word' id='word_1_224' title='bbox 997 2361 1048 2408; x_wconf 91' lang='lat' dir='ltr'>in</span> <span class='ocrx_word' id='word_1_225' title='bbox 1072 2361 1272 2409; x_wconf 86' lang='lat' dir='ltr'>homine</span> <span class='ocrx_word' id='word_1_226' title='bbox 1299 2361 1429 2409; x_wconf 90' lang='lat' dir='ltr'>enim</span> <span class='ocrx_word' id='word_1_227' title='bbox 1454 2359 1735 2421; x_wconf 91' lang='lat' dir='ltr'>turpissimo</span> <span class='ocrx_word' id='word_1_228' title='bbox 1760 2360 1844 2406; x_wconf 90' lang='lat' dir='ltr'>ob-</span> 
     </span>
     <span class='ocr_line' id='line_1_33' title="bbox 180 2439 1962 2504; baseline -0.002 -15"><span class='ocrx_word' id='word_1_229' title='bbox 180 2442 470 2490; x_wconf 90' lang='lat' dir='ltr'>solefiebant</span> <span class='ocrx_word' id='word_1_230' title='bbox 487 2440 734 2504; x_wconf 85' lang='lat' dir='ltr'>dignitatis</span> <span class='ocrx_word' id='word_1_231' title='bbox 749 2441 968 2504; x_wconf 69' lang='lat' dir='ltr'>insignia„</span> <span class='ocrx_word' id='word_1_232' title='bbox 1021 2444 1150 2491; x_wconf 90' lang='lat' dir='ltr'>Cum</span> <span class='ocrx_word' id='word_1_233' title='bbox 1166 2442 1282 2490; x_wconf 92' lang='lat' dir='ltr'>inde</span> <span class='ocrx_word' id='word_1_234' title='bbox 1302 2444 1517 2490; x_wconf 89' lang='lat' dir='ltr'>Romam</span> <span class='ocrx_word' id='word_1_235' title='bbox 1533 2441 1846 2503; x_wconf 88' lang='lat' dir='ltr'>proficiscens</span> <span class='ocrx_word' id='word_1_236' title='bbox 1873 2439 1962 2486; x_wconf 87' lang='lat'>106</span> 
     </span>
     <span class='ocr_line' id='line_1_34' title="bbox 178 2520 1843 2584; baseline -0.001 -17"><span class='ocrx_word' id='word_1_237' title='bbox 178 2520 242 2568; x_wconf 91' lang='lat' dir='ltr'>ad</span> <span class='ocrx_word' id='word_1_238' title='bbox 266 2520 520 2582; x_wconf 89' lang='lat' dir='ltr'>Aquinum</span> <span class='ocrx_word' id='word_1_239' title='bbox 546 2522 817 2580; x_wconf 86' lang='lat' dir='ltr'>accederet,</span> <span class='ocrx_word' id='word_1_240' title='bbox 843 2521 1042 2569; x_wconf 88' lang='lat' dir='ltr'>obviam</span> <span class='ocrx_word' id='word_1_241' title='bbox 1066 2523 1110 2569; x_wconf 93' lang='lat' dir='ltr'>ei</span> <span class='ocrx_word' id='word_1_242' title='bbox 1143 2521 1394 2584; x_wconf 89' lang='lat' dir='ltr'>processit,</span> <span class='ocrx_word' id='word_1_243' title='bbox 1421 2530 1474 2569; x_wconf 93' lang='lat' dir='ltr'>ut</span> <span class='ocrx_word' id='word_1_244' title='bbox 1510 2529 1583 2569; x_wconf 91' lang='lat' dir='ltr'>est</span> <span class='ocrx_word' id='word_1_245' title='bbox 1618 2522 1843 2581; x_wconf 86' lang='lat' dir='ltr'>frequens</span> 
     </span>
     <span class='ocr_line' id='line_1_35' title="bbox 181 2598 1844 2663; baseline -0.001 -17"><span class='ocrx_word' id='word_1_246' title='bbox 181 2599 518 2662; x_wconf 91' lang='lat' dir='ltr'>municipium,</span> <span class='ocrx_word' id='word_1_247' title='bbox 544 2617 724 2662; x_wconf 89' lang='lat' dir='ltr'>magna</span> <span class='ocrx_word' id='word_1_248' title='bbox 749 2617 866 2650; x_wconf 89' lang='lat' dir='ltr'>sane</span> <span class='ocrx_word' id='word_1_249' title='bbox 890 2601 1164 2651; x_wconf 90' lang='lat' dir='ltr'>multitudo.</span> <span class='ocrx_word' id='word_1_250' title='bbox 1237 2605 1305 2650; x_wconf 94' lang='lat' dir='ltr'>At</span> <span class='ocrx_word' id='word_1_251' title='bbox 1339 2600 1432 2650; x_wconf 90' lang='lat' dir='ltr'>iste</span> <span class='ocrx_word' id='word_1_252' title='bbox 1465 2610 1638 2663; x_wconf 86' lang='lat' dir='ltr'>operta</span> <span class='ocrx_word' id='word_1_253' title='bbox 1671 2598 1844 2647; x_wconf 90' lang='lat' dir='ltr'>lectica</span> 
     </span>
     <span class='ocr_line' id='line_1_36' title="bbox 181 2680 1843 2744; baseline -0.001 -16"><span class='ocrx_word' id='word_1_254' title='bbox 181 2681 307 2728; x_wconf 87' lang='lat' dir='ltr'>latus</span> <span class='ocrx_word' id='word_1_255' title='bbox 342 2696 430 2742; x_wconf 92' lang='lat' dir='ltr'>per</span> <span class='ocrx_word' id='word_1_256' title='bbox 464 2681 706 2743; x_wconf 88' lang='lat' dir='ltr'>oppidum</span> <span class='ocrx_word' id='word_1_257' title='bbox 743 2692 815 2729; x_wconf 93' lang='lat' dir='ltr'>est</span> <span class='ocrx_word' id='word_1_258' title='bbox 848 2691 902 2729; x_wconf 94' lang='lat' dir='ltr'>ut</span> <span class='ocrx_word' id='word_1_259' title='bbox 934 2692 1167 2731; x_wconf 90' lang='lat' dir='ltr'>mortuos.</span> <span class='ocrx_word' id='word_1_260' title='bbox 1239 2684 1396 2732; x_wconf 90' lang='lat' dir='ltr'>Stulte</span> <span class='ocrx_word' id='word_1_261' title='bbox 1420 2681 1719 2744; x_wconf 90' lang='lat' dir='ltr'>Aquinates:</span> <span class='ocrx_word' id='word_1_262' title='bbox 1755 2680 1843 2728; x_wconf 92' lang='lat' dir='ltr'>sed</span> 
     </span>
     <span class='ocr_line' id='line_1_37' title="bbox 181 2761 1843 2827; baseline 0.001 -18"><span class='ocrx_word' id='word_1_263' title='bbox 181 2769 348 2810; x_wconf 89' lang='lat' dir='ltr'>tamen</span> <span class='ocrx_word' id='word_1_264' title='bbox 372 2761 422 2810; x_wconf 91' lang='lat' dir='ltr'>in</span> <span class='ocrx_word' id='word_1_265' title='bbox 447 2762 527 2811; x_wconf 88' lang='lat' dir='ltr'>via</span> <span class='ocrx_word' id='word_1_266' title='bbox 550 2763 850 2813; x_wconf 85' lang='lat' dir='ltr'>habitabant.</span> <span class='ocrx_word' id='word_1_267' title='bbox 925 2763 1060 2826; x_wconf 91' lang='lat' dir='ltr'>Quid</span> <span class='ocrx_word' id='word_1_268' title='bbox 1089 2764 1375 2827; x_wconf 88' lang='lat' dir='ltr'>Anagnini?</span> <span class='ocrx_word' id='word_1_269' title='bbox 1410 2765 1507 2826; x_wconf 90' lang='lat' dir='ltr'>qui,</span> <span class='ocrx_word' id='word_1_270' title='bbox 1534 2778 1647 2811; x_wconf 89' lang='lat' dir='ltr'>cum</span> <span class='ocrx_word' id='word_1_271' title='bbox 1680 2769 1843 2811; x_wconf 91' lang='lat' dir='ltr'>essent</span> 
     </span>
    </p>
   </div>
  </div>
 </body>
</html>
